<html class="onesite conversational-checkout-wizard visible-scroller-lhp visible-scroller-dcp medium-format-animations-disabled small-format-animations-disabled sf-expand-personal-shopper-comment mf-expand-personal-shopper-comment lf-expand-personal-shopper-comment diagnostics display-rewards-status global-homepage-on-small-format visual-shopping-v2 store-urls center-panel-slide center-product-tag enable-show-active-orders-on-login price-point enable-guest-access-to-Lists visual-shopping-aisle-icons click-and-collect-store-search click-and-collect-pick-up-instructions multisearch update-payment-summary-disabled js flexbox flexboxlegacy canvas canvastext webgl no-touch geolocation postmessage websqldatabase indexeddb hashchange history draganddrop websockets rgba hsla multiplebgs backgroundsize borderimage borderradius boxshadow textshadow opacity cssanimations csscolumns cssgradients cssreflections csstransforms csstransforms3d csstransitions fontface generatedcontent video audio localstorage sessionstorage webworkers applicationcache svg inlinesvg smil svgclippaths csscalc cardViewNormal" lang="en-AU" ng-app="wowApp.shop" ng-strict-di="true" oly-angulax-interceptor=""><head ng-controller="PageMetadataController as metaController"><style type="text/css">@charset "UTF-8";[ng\:cloak],[ng-cloak],[data-ng-cloak],[x-ng-cloak],.ng-cloak,.x-ng-cloak,.ng-hide:not(.ng-hide-animate){display:none !important;}ng\:form{display:block;}</style>
    <meta http-equiv="X-UA-Compatible" content="IE=edge">
    <meta name="viewport" content="width=device-width, initial-scale=1">
    <meta name="buildVersion" content="5.150.10.0">
    <meta name="fragment" content="!">
    <link rel="shortcut icon" href="/Images/favicon.ico" type="image/x-icon">

    <!-- #region Styles -->

    <style>
        [ng\:cloak], [ng-cloak], [data-ng-cloak], [x-ng-cloak], .ng-cloak, .x-ng-cloak {
            display: none !important;
        }
    </style>

    
    <link href="/Styles/Reset.css?h=5629FD1402EC9795D9DAB5A6811C5BC1" rel="stylesheet" type="text/css">

    <link href="/Styles/Onesite/Onesite.min.css?h=1F6B2099EF65A46D2163FBE16B02226C" rel="stylesheet" type="text/css">


    
    <link href="/DynamicContent2/css/DynamicContent.min.css?h=3048C666E4DFB0AE6C700E240EF0A74E" rel="stylesheet" type="text/css">

    <link href="/DynamicContent2Style/Carousel.css?h=AB89F3ACFF1C66844B05A67773573A98" rel="stylesheet" type="text/css">

    <link href="/DynamicContent2Style/FlowHidden.css?h=30DFB52CAA9E3C1E084F325FB69504CA" rel="stylesheet" type="text/css">

    <link href="/DynamicContent2Style/FlowWrap.css?h=B52D16532B2C5564198AFE117537E076" rel="stylesheet" type="text/css">

    <link href="/DynamicContent2Style/Hidden.css?h=8B44D972F437966F75A8F083AF0097D9" rel="stylesheet" type="text/css">

    <link href="/DynamicContent2Style/Offset.css?h=0CE778BDAEDAE4E9F43F4B660AEF05EE" rel="stylesheet" type="text/css">

    <link href="/DynamicContent2Style/CenterProductStamp.css?h=69B11F3E087DBFE5BD12A45F68F02CCB" rel="stylesheet" type="text/css">


    <!-- #endregion -->

    <!-- #region HeadTagThirdPartyScript -->
    <iframe src="javascript:false" style="width: 0px; height: 0px; border: 0px; display: none;"></iframe><iframe height="0" width="0" src="//1055190.fls.doubleclick.net/activityi;src=1055190;type=woolw021;cat=woolw000;ord=9106765207555;~oref=https%3A%2F%2Fwww.woolworths.com.au%2FShop%2FSearch%2FProducts%3FsearchTerm%3Dalmonds?" style="display: none; visibility: hidden;"></iframe><iframe height="0" width="0" src="//4652914.fls.doubleclick.net/activityi;src=4652914;type=wwcountr;cat=woolw0;ord=1622728928202;~oref=https%3A%2F%2Fwww.woolworths.com.au%2FShop%2FSearch%2FProducts%3FsearchTerm%3Dalmonds?" style="display: none; visibility: hidden;"></iframe><script type="text/javascript" async="" src="https://www.google-analytics.com/plugins/ua/ec.js"></script><script type="text/javascript" async="" src="https://www.google-analytics.com/analytics.js"></script><script type="text/javascript" async="" src="https://ssl.google-analytics.com/ga.js"></script><script async="" src="//www.googletagmanager.com/gtm.js?id=GTM-WSZ35D"></script><script type="text/javascript">
    //<![CDATA[
    var AKSB = AKSB || {};
    AKSB.q = [];
    AKSB.mark = function(c, b) {
        AKSB.q.push(["mark", c, b || (new Date).getTime()])
    };
    AKSB.measure = function(c, b, a) {
        AKSB.q.push(["measure", c, b, a || (new Date).getTime()])
    };
    AKSB.done = function(c) {
        AKSB.q.push(["done", c])
    };
    AKSB.mark("firstbyte", (new Date).getTime());
    AKSB.prof = {
        origin: true,
        custid: "396544",
        beaconrate: 100
    };
    (function(b) {
        var a = document.createElement("iframe");
        a.src = "javascript:false";
        (a.frameElement || a).style.cssText = "width: 0; height: 0; border: 0; display: none";
        var c = document.getElementsByTagName("script"),
            c = c[c.length - 1];
        c.parentNode.insertBefore(a, c);
        a = a.contentWindow.document;
        a.open().write("<body onload=\"var js = document.createElement('script');js.id = 'aksb-ifr';js.src = '" + b + "';document.body.appendChild(js);\">");
        a.close()
    })(("https:" === document.location.protocol ? "https:" : "http:") + "//ds-aksb-a.akamaihd.net/396544/aksb-a/aksb.min.js");
    //]]>
</script>

<meta name="google" content="nositelinkssearchbox">
    <!-- #endregion -->

    <!-- #region NextAndPrevTags -->
    <!-- ngIf: metaController.metaData.metaPrevUrl -->
    <!-- ngIf: metaController.metaData.metaNextUrl --><link rel="next" ng-href="https://www.woolworths.com.au/Shop/Search/Products?pageNumber=2" ng-if="metaController.metaData.metaNextUrl" href="https://www.woolworths.com.au/Shop/Search/Products?pageNumber=2" class=""><!-- end ngIf: metaController.metaData.metaNextUrl -->
    <!-- #endregion -->

    <!-- #region Metadata -->
        <meta name="keywords" content="Woolworths, online grocery, online grocery service, online grocery stores, online supermarket shopping, online food / online food shopping, supermarket">

        <!-- ngIf: !metaController.metaData.metaDescription -->
        <!-- ngIf: metaController.metaData.metaDescription --><meta name="description" content="almonds - Woolworths Online" ng-if="metaController.metaData.metaDescription" class=""><!-- end ngIf: metaController.metaData.metaDescription -->
        <!-- ngIf: !metaController.metaData.metaDescription -->
        <!-- ngIf: metaController.metaData.metaDescription --><meta property="og:description" content="almonds - Woolworths Online" ng-if="metaController.metaData.metaDescription" class=""><!-- end ngIf: metaController.metaData.metaDescription -->

        <!-- ngIf: !metaController.metaData.title -->
        <!-- ngIf: metaController.metaData.title --><title ng-if="metaController.metaData.title" ng-bind="metaController.metaData.title" class="">almonds - Woolworths Online</title><!-- end ngIf: metaController.metaData.title -->
        <!-- ngIf: !metaController.metaData.title -->
        <!-- ngIf: metaController.metaData.title --><meta property="og:title" content="almonds - Woolworths Online" ng-if="metaController.metaData.title" class=""><!-- end ngIf: metaController.metaData.title -->
        <meta property="og:type" content="website">

        <meta property="og:site_name" content="Woolworths Online">

        <meta property="og:url" content="http://www.woolworths.com.au/Shop/Search/Products?searchTerm=almonds">
        <meta property="og:image" content="http://www.woolworths.com.au/Images/Shared/facebook-like-icon.jpg">
        <meta property="fb:app_id" content="402900946438096">

    <!-- ngIf: metaController.metaData.metaRobot --><meta name="robots" content="noindex" ng-if="metaController.metaData.metaRobot" class=""><!-- end ngIf: metaController.metaData.metaRobot -->
    <!-- ngIf: metaController.metaData.meta404 -->
    <!-- #endregion -->

</head>
<body itemscope="itemscope" itemtype="schema.org/WebPage" ng-controller="WowController as wow">
    <!-- Google Tag Manager -->
<noscript>&lt;iframe src="//www.googletagmanager.com/ns.html?id=GTM-WSZ35D"
height="0" width="0" style="display:none;visibility:hidden"&gt;&lt;/iframe&gt;</noscript>
<script>(function(w,d,s,l,i){w[l]=w[l]||[];w[l].push({'gtm.start':
new Date().getTime(),event:'gtm.js'});var f=d.getElementsByTagName(s)[0],
j=d.createElement(s),dl=l!='dataLayer'?'&l='+l:'';j.async=true;j.src=
'//www.googletagmanager.com/gtm.js?id='+i+dl;f.parentNode.insertBefore(j,f);
})(window,document,'script','dataLayer','GTM-WSZ35D');</script>
<!-- End Google Tag Manager -->

    

<!-- ngIf: ::false -->

<!-- uiView:  --><div id="body-container" class="shop" ng-class="transitionClasses()" ui-view="" wow-page-transition="" wow-page-transition-if="!breakpoints.isInMediumFormat" wow-global-scroll="">

    <div id="header-container">
        <!-- uiView: header-panel --><div id="header-panel" ui-view="header-panel" class=""><wow-search-bar><div class="onesite-base globalHeader-searchBar hidden-lg hidden-md hidden-sm" id="globalHeaderSearchBar" wow-search="">
    <button href="javascript:;" class="globalHeader-searchBarButton" ng-click="search()">
        <span class="sr-only">Search </span>
        <i class="globalHeader-searchBarIcon icon-search"></i>
    </button>
    <oly-autocomplete input-to-bind="searchTerm" input-id="globalHeaderSearchSF" label-text="Search..." screen-reader-option-message="Search..." input-class="globalHeader-searchBarInput" autocomplete-list-class="globalHeader-searchBarAutocomplete" ul-class="globalHeader-searchBarList" on-type="populateAutocompleteList()" on-enter="search()" autocomplete-list="autocompleteResults" template="" class="globalHeader-searchBarAutocompleteContainer"><wow-input-container class="olyAutocomplete-inputContainer  has-value" role="application">
    <span aria-live="polite" class="sr-only" aria-atomic="true" ng-bind="statusMessage"></span>
    <label for="globalHeaderSearchSF" class="wowLabel">Search... <span class="sr-only">; Start typing, then press down arrow key to access suggestions. Suggestions may take a second to load.</span></label>
    <input type="text" ng-model="inputText" ng-class="inputClasses()" ng-keydown="handleKeyPressed($event)" id="globalHeaderSearchSF" ng-blur="inputBoxFocusLost()" ng-focus="searchTermFocus()" autocomplete="off" name="" class="ng-pristine ng-untouched ng-valid wowInput olyAutocomplete-inputField globalHeader-searchBarInput" aria-invalid="false">
    <!-- ngIf: isValid -->
    <div class="wowPlaceholder"></div>
    <button id="globalHeaderSearchSF-clear" class="olyAutocomplete-clear" ng-show="inputText" ng-click="clearInput($event)" ng-keydown="onTab($event)">
        <i class="icon-close_x"></i>
        <span class="sr-only">Clear Search</span>
    </button>
    <i class="olyAutocomplete-clear icon-search ng-hide" ng-show="inputText.length == 0 &amp;&amp; includeSearchIcon" oly-move-focus="globalHeaderSearchSF"></i>
</wow-input-container>
<!-- ngIf: !autocompleteList || autocompleteList.length === 0 --><div class="olyDropdown-errorMessage ng-hide" ng-if="!autocompleteList || autocompleteList.length === 0" ng-show="showErrorMessage" role="status" aria-live="polite" aria-atomic="true" ng-bind="errorMessage.Text"></div><!-- end ngIf: !autocompleteList || autocompleteList.length === 0 -->
<div class="olyDropdown olyDropdown--autocomplete olyAutocomplete-list globalHeader-searchBarAutocomplete ng-hide" ng-class="listClasses()" ng-show="showAutoCompleteList()" wow-hide-scroll="" wow-scrollbar="" style="overflow: hidden;">
    <div class="hideScroll-wrapper " style="width: calc(100% + 17px); height: 100%; overflow-y: scroll; overflow-x: hidden;"><ul class="olyDropdown-items globalHeader-searchBarList">
        <!-- ngRepeat: option in autocompleteList -->
    </ul></div>
<div class="wowScrollbar"><div class="wowScrollbar-indicator"></div></div></div></oly-autocomplete>
    <a href="javascript:;" ng-click="closeSearch()" id="globalHeader-searchBarCloseSF" class="globalHeader-searchBarClose">Close</a>
</div></wow-search-bar><wow-global-header id="globalHeader"><!-- ngIf: !isSmallFormat --><header role="banner" class="onesite-base globalHeader" ng-if="!isSmallFormat">
    <wow-global-header-skip-links><div class="onesite-base">
    <!-- ngIf: !shopper.preferences.EnableAccessibleOptions --><p class="sr-only" ng-if="!shopper.preferences.EnableAccessibleOptions" role="alert" aria-live="assertive">If you are using a screen reader to navigate the Woolworths website please select the “Accessibility On” switch in accessibility settings.</p><!-- end ngIf: !shopper.preferences.EnableAccessibleOptions -->
    <ul class="sr-menu">
        <li class="sr-menu-listItem">
            <a href="javascript:;" class="sr-only sr-only-focusable sr-menu-listItemLink" ng-click="goToNavigation()">Skip to content navigation</a>
        </li>
        <li class="sr-menu-listItem">
            <a href="javascript:;" oly-move-focus="center-panel" class="sr-only sr-only-focusable sr-menu-listItemLink">Skip to content</a>
        </li>
        <li class="sr-menu-listItem">
            <a href="javascript:;" class="sr-only sr-only-focusable sr-menu-listItemLink" ng-click="goToTrolley()">Skip to trolley</a>
        </li>
        <li class="sr-menu-listItem">
            <a href="javascript:;" ng-click="openA11yOptions()" oly-move-focus="accessible-options" class="sr-only sr-only-focusable sr-menu-listItemLink">Accessibility Settings</a>
        </li>
    </ul>
    <div class="sr-optionsPanel _a11yOptions ng-hide" id="accessible-options" tabindex="-1" ng-show="a11yOptionsOpen">
        <p>If you are using a screen reader or a keyboard only to navigate the Woolworths website please select the “Accessibility On” checkbox below</p>
        <form class="ng-pristine ng-valid">
            <fieldset class="sr-optionsPanel-formGroup">
                <legend class="sr-only">Accessibility switch</legend>
                <input type="checkbox" id="sr-accessibleMenu" class="wowCheckbox ng-pristine ng-untouched ng-valid" name="checkboxes" ng-model="shopper.preferences.EnableAccessibleOptions" ng-change="updatePreference()"> <label for="sr-accessibleMenu">Accessibility On</label>
            </fieldset>
        </form>
    </div>
</div></wow-global-header-skip-links>
    <div class="globalHeader-topPanel">
        <!-- ngIf: ::isHomepageEnabled --><a ng-if="::isHomepageEnabled" ui-sref="root" class="globalHeader-topPanel-wappleFullLink" href="">
            <img class="globalHeader-topPanel-wappleFull u-noOutline" src="/Images/GlobalHeader/icon-wapple-full.png" alt="Woolworths Online">
        </a><!-- end ngIf: ::isHomepageEnabled -->
        <!-- ngIf: ::!isHomepageEnabled -->
        <a href="javascript://" id="tmoPanel-toggleButton" ng-click="trackMyOrder()" class="globalHeader-topPanel-trackMyOrder">
            <!-- ngIf: !isTmoPanelOpen() --><span class="sr-only" ng-if="!isTmoPanelOpen()">Expand </span><!-- end ngIf: !isTmoPanelOpen() -->
            <!-- ngIf: isTmoPanelOpen() -->
            Track my order
        </a>
        <!-- ngIf: shopper.IsGuest --><div ng-if="shopper.IsGuest" class="tmo-panel--overlay" ng-class="{'is-open-overlay' : isTmoPanelOpen()}" ng-click="toggleTmoPanel()"></div><!-- end ngIf: shopper.IsGuest -->
        <wow-trackmyorder-guest-form ng-class="{'is-open' : isTmoPanelOpen()}"><div class="tmo-panel">
    <div class="tmo-panel--main-panel" id="tmoPanel-header" tabindex="-1" wow-hide-scroll="" wow-scrollbar="" style="overflow: hidden;">
        <div class="hideScroll-wrapper " style="width: calc(100% + 17px); height: 100%; overflow-y: scroll; overflow-x: hidden;"><div class="tmo-panel--main-panel-wrapper">
            <div>
                <!-- ngIf: isLargeOrMediumFormat() --><a href="javascript:;" ng-if="isLargeOrMediumFormat()" class="tmo-panel--close-button icon-close_x" id="tmoPanel-closePanel" tabindex="0" ng-click="toggle()" oly-next-tab="tmoForm-login" oly-next-tab-reverse="true">
                    <span class="sr-only">Close track my order panel</span>
                </a><!-- end ngIf: isLargeOrMediumFormat() -->
                <!-- ngIf: showSmallFormatClearFormCrossButton() -->
                <h2 class="tmoForm-heading">Track my order</h2>
            </div>
            <div class="tmoForm-midPanel">
                <form role="form" id="tmoForm" name="tmoForm" ng-submit="submit()" ng-model-options="{updateOn: 'submit'}" novalidate="" class="ng-pristine ng-invalid ng-invalid-required">
                    <fieldset class="tmoForm-fieldSet">
                        <legend class="sr-only">Order number; * Marks mandatory fields</legend>
                        <wow-input-container class="tmoForm-input">
                            <label class="wowLabel" for="tmoForm-orderNumber">Order number *</label>
                            <input id="tmoForm-orderNumber" type="number" name="OrderNumber" ng-model="values.OrderNumber" class="tmoForm-orderNumber-input ng-pristine ng-untouched wowInput ng-invalid ng-invalid-required" required="" aria-required="true" ng-readonly="submitClicked" aria-invalid="false">
                            <span ng-messages="tmoForm.OrderNumber.$error" class="wowInput-errors ng-active">
                                <!-- ngMessage: required --><span ng-message="required" class="wowInput-error">Order number is required.</span>
                                <!-- ngMessage: number -->
                                <!-- ngMessage: serverError -->
                            </span>
                        </wow-input-container>
                        <!-- ngIf: !submitClicked --><wow-input-container class="tmoForm-input" ng-if="!submitClicked">
                            <div class="two-up-item tmoForm-viewOrder">
                                <button type="submit" class="button button--primary tmoForm-button" ng-click="clearValidationErrors()">View Order</button>
                            </div>
                        </wow-input-container><!-- end ngIf: !submitClicked -->
                    </fieldset>
                </form>
            </div>

            <!-- ngIf: isLoading -->
            <div class="row" id="_messagesContainer" tabindex=" -1" ng-class="{'tmo-panel-trackMyOrder-messagesContainer': errorMessage || infoMessage}">
                <!-- ngIf: errorMessage -->
                <!-- ngIf: infoMessage -->
            </div>

            <!-- ngIf: tmoInfo.DeliveryInfo.TimeLabel && isClickAndCollect -->
            <!-- ngIf: tmoInfo.DeliveryInfo.TimeLabel && !isClickAndCollect -->
            <div class="tmoForm-separator"></div>
            <div class="two-up">
                <div class="two-up-item tmoForm-itemText">
                    <span class="tmoForm-mainText">Already a member?</span>
                </div>
                <div class="two-up-item">
                    <a class="button tmoForm-button tmoForm-loginButton" id="tmoForm-login" ui-sref="shop.myaccount.trackmyorder" oly-next-tab="tmoPanel-closePanel" href="/Shop/MyAccount/TrackMyOrder">
                        <span class="sr-only">Already a member?</span>
                        Login
                    </a>
                </div>
            </div>
        </div></div>
    <div class="wowScrollbar"><div class="wowScrollbar-indicator"></div></div></div>
</div></wow-trackmyorder-guest-form>
    </div>

    <div class="globalHeader-bottomPanel">
        <!-- ngIf: ::isHomepageEnabled --><a ng-if="::isHomepageEnabled" class="globalHeader-wapple u-displayInlineBlock" ui-sref="root" href="">
            <span class="sr-only">Woolworths Online</span>
        </a><!-- end ngIf: ::isHomepageEnabled -->
        <!-- ngIf: ::!isHomepageEnabled -->
        <wow-global-header-search class="globalHeader-searchPanel" wow-search=""><section role="region" aria-labelledby="searchPanelHeader">
    <h2 class="sr-only" id="searchPanelHeader">Search</h2>
    <a href="javascript:;" oly-move-focus="globalHeaderSearch" class="globalHeader-searchButton globalHeader-showSearchButton button button--primary" ng-class="{'searchOpen' : globalToggled}" oly-next-tab="globalHeaderSearch" ng-click="toggleSearch()">
        <i class="icon-search globalHeader-searchHeaderIcon"></i>
        <!-- ngIf: !globalToggled --><span class="sr-only" ng-if="!globalToggled">Expand search</span><!-- end ngIf: !globalToggled -->
        <!-- ngIf: globalToggled -->
    </a>
    <div class="globalHeader-searchContainer" ng-class="{'globalHeader-searchContainer--overlay': globalToggled}">
        <oly-autocomplete input-to-bind="searchTerm" input-id="globalHeaderSearch" label-text="Search..." screen-reader-option-message="Search..." input-class="globalHeader-searchInput _globalHeader-search" autocomplete-list-class="globalHeader-searchAutocomplete" on-type="populateAutocompleteList()" on-enter="search()" on-input-focus="onFocus()" on-focus-lost="onFocusLost()" autocomplete-list="autocompleteResults" template="" class="globalHeader-searchAutocompleteContainer"><wow-input-container class="olyAutocomplete-inputContainer  has-value" role="application">
    <span aria-live="polite" class="sr-only" aria-atomic="true" ng-bind="statusMessage"></span>
    <label for="globalHeaderSearch" class="wowLabel">Search... <span class="sr-only">; Start typing, then press down arrow key to access suggestions. Suggestions may take a second to load.</span></label>
    <input type="text" ng-model="inputText" ng-class="inputClasses()" ng-keydown="handleKeyPressed($event)" id="globalHeaderSearch" ng-blur="inputBoxFocusLost()" ng-focus="searchTermFocus()" autocomplete="off" name="" class="ng-pristine ng-untouched ng-valid wowInput olyAutocomplete-inputField globalHeader-searchInput _globalHeader-search" aria-invalid="false">
    <!-- ngIf: isValid -->
    <div class="wowPlaceholder"></div>
    <button id="globalHeaderSearch-clear" class="olyAutocomplete-clear" ng-show="inputText" ng-click="clearInput($event)" ng-keydown="onTab($event)">
        <i class="icon-close_x"></i>
        <span class="sr-only">Clear Search</span>
    </button>
    <i class="olyAutocomplete-clear icon-search ng-hide" ng-show="inputText.length == 0 &amp;&amp; includeSearchIcon" oly-move-focus="globalHeaderSearch"></i>
</wow-input-container>
<!-- ngIf: !autocompleteList || autocompleteList.length === 0 --><div class="olyDropdown-errorMessage ng-hide" ng-if="!autocompleteList || autocompleteList.length === 0" ng-show="showErrorMessage" role="status" aria-live="polite" aria-atomic="true" ng-bind="errorMessage.Text"></div><!-- end ngIf: !autocompleteList || autocompleteList.length === 0 -->
<div class="olyDropdown olyDropdown--autocomplete olyAutocomplete-list ng-hide globalHeader-searchAutocomplete" ng-class="listClasses()" ng-show="showAutoCompleteList()" wow-hide-scroll="" wow-scrollbar="" style="overflow: hidden;">
    <div class="hideScroll-wrapper " style="width: calc(100% + 17px); height: 100%; overflow-y: scroll; overflow-x: hidden;"><ul class="olyDropdown-items ">
        <!-- ngRepeat: option in autocompleteList -->
    </ul></div>
<div class="wowScrollbar"><div class="wowScrollbar-indicator"></div></div></div></oly-autocomplete>
        <button class="globalHeader-searchButton button button--primary" ng-click="search()">
            <span class="sr-only">Search</span>
            <i class="icon-search globalHeader-searchIcon"></i>
        </button>
    </div>
    <wow-multisearch search-input="searchTerm" mf-search-active="globalToggled" lf-search-active="lfSearchActive"><!-- ngIf: shouldShowMultisearch() --></wow-multisearch>

</section></wow-global-header-search>
        <nav role="navigation" class="globalHeader-navigation" id="main-navigation" tabindex="-1">
            <h2 class="sr-only">Main navigation</h2>
            <ul class="globalHeader-navigationItems">
                <li class="globalHeader-navigationItem">
                    <!-- ngIf: ::isHomepageEnabled --><a ng-if="::isHomepageEnabled" class="globalHeader-navigationLink" ng-click="openLeftPanel()" ui-sref="shop.browse.category.aisle(initialProductCategory)" ui-sref-opts="{reload: true}" ng-class="{'is-current': ('shop.browse' | includedByState) || ('root' | isState) }" oly-move-focus="center-panel" href="/Shop/Browse/fruit-veg/fresh-fruit">Products</a><!-- end ngIf: ::isHomepageEnabled -->
                    <!-- ngIf: ::!isHomepageEnabled -->
                </li>
                <!-- ngIf: !('shop.specials.groups' | includedByState) && !('shop.specials.browse' | includedByState) && !(returnSpaceToDefaultState) -->
                <!-- ngIf: ('shop.specials.groups' | includedByState) && !(returnSpaceToDefaultState) -->
                <!-- ngIf: ('shop.specials.browse' | includedByState) && !(returnSpaceToDefaultState) -->
                <!-- ngIf: returnSpaceToDefaultState --><li class="globalHeader-navigationItem" ng-if="returnSpaceToDefaultState">
                    <a class="globalHeader-navigationLink" ui-sref="shop.specials" ui-sref-opts="{reload: true, notify: true}" ui-sref-active="is-current" oly-move-focus="center-panel" href="/Shop/Specials">Specials</a>
                </li><!-- end ngIf: returnSpaceToDefaultState -->
                <li class="globalHeader-navigationItem">
                    <a class="globalHeader-navigationLink" ui-sref="shop.recipes" ui-sref-active="is-current" oly-move-focus="center-panel" href="/Shop/Recipes">Recipes</a>
                </li>
                <li class="globalHeader-navigationItem" ng-switch="isGuestAccessToListsEnabled()">
                    <!-- ngSwitchWhen: false -->
                    <!-- ngSwitchWhen: true --><a ng-switch-when="true" class="globalHeader-navigationLink" ui-sref="shop.guestList" ng-class="{'is-current': isMyListState()}" oly-move-focus="center-panel" href="/Shop/SuggestedLists">Lists</a><!-- end ngSwitchWhen: -->
                </li>
                <li class="globalHeader-navigationItem">
                    <a class="globalHeader-navigationLink" ui-sref="shop.locator" ui-sref-active="is-current" oly-move-focus="center-panel" href="/Shop/ShopLocator">Stores</a>
                </li>
                <li class="globalHeader-navigationItem">
                    <a class="globalHeader-navigationLink" ui-sref="shop.inspiration" ui-sref-active="is-current" oly-move-focus="center-panel" href="/Shop/Discover">Discover</a>
                </li>
            </ul>
        </nav>

        <div class="globalHeader-loginRegister">
            <section role="region">
                <h2 class="sr-only">Authentication</h2>
                <!-- ngIf: shopper.IsGuest || isLoginPanelOpen() --><wow-login-panel ng-if="shopper.IsGuest || isLoginPanelOpen()" class=""><div class="login-panel--overlay" ng-class="{'is-open' : isOpen()}" ng-click="toggle()"></div>
<div class="login-panel" ng-class="{'is-open' : isOpen()}">
    <a href="javascript:;" class="login-panel--toggle-button" id="loginPanel-toggleButton" ng-click="toggle()">
        <!-- ngIf: !isOpen() --><span class="sr-only" ng-if="!isOpen()">Open </span><!-- end ngIf: !isOpen() -->
        <!-- ngIf: isOpen() -->
        <span class="hidden-sm hidden-md login-panel--toggle-buttonText">Login </span>
        <span class="sr-only">Panel</span>
        <i class="hidden-lg hidden-xl hidden-xxl icon-user_auth"></i>
    </a>

    <div class="login-panel--main-panel">
        <!-- ngIf: isOpen() -->
    </div>
</div></wow-login-panel><!-- end ngIf: shopper.IsGuest || isLoginPanelOpen() -->
                <!-- ngIf: shopper.IsGuest || isSignupPanelOpen() --><wow-signup-panel ng-if="shopper.IsGuest || isSignupPanelOpen()" class=""><div class="signup-panel-overlay" ng-class="{'is-open' : isOpen()}" ng-click="toggle()"></div>
<div class="signup-panel" ng-class="{'is-open' : isOpen()}">
    <a href="javascript:;" class="signup-panel-toggle-button" id="signupPanel-ToggleButton" ng-click="toggle()">
        <!-- ngIf: !isOpen() --><span class="sr-only" ng-if="!isOpen()">Open </span><!-- end ngIf: !isOpen() -->
        <!-- ngIf: isOpen() -->
        <span class="signup-panel-toggle-buttonText">Sign up </span>
        <span class="sr-only">Panel</span>
    </a>

    <div class="signup-panel-main-panel">
        <div class="signup-panel-close-button-wrapper">
            <a href="javascript:;" class="signup-panel-close-button icon-close_x" id="signupPanel-closePanel" tabindex="0" ng-click="toggle()" oly-next-tab="signupForm-SignupButton" oly-next-tab-reverse="true">
                <span class="sr-only">Close signup panel</span>
            </a>
        </div>
        <!-- ngIf: isOpen() -->
    </div>
</div></wow-signup-panel><!-- end ngIf: shopper.IsGuest || isSignupPanelOpen() -->
            </section>

            <!-- ngIf: !shopper.IsGuest -->

            <ul ng-show="isUserDropdownVisible" class="globalHeader-userDropdown ng-hide">
                <li class="globalHeader-userDropdownItem">
                    <a class="globalHeader-userDropdownLink" ui-sref="shop.myaccount.details" href="/Shop/MyAccount/details">
                        My Account
                    </a>
                </li>
                <li class="globalHeader-userDropdownItem">
                    <a href="javascript:;" ng-click="logout()" class="globalHeader-userDropdownLink" ng-blur="hideUserDropdown()">
                        Logout
                    </a>
                </li>
            </ul>
        </div>
        <!-- ngIf: !breakpointsService.isInMediumFormatGlobalHeader --><wow-collection-zone-header classes="['collectionZoneHeader--globalHeader']" ng-if="!breakpointsService.isInMediumFormatGlobalHeader" class=""><div class="collectionZoneHeader collectionZoneHeader--globalHeader" ng-class="classes">
    <a href="javascript:;" ng-click="::selectDeliveryMethod()" class="collectionZoneHeader-headerLink">
        <div class="collectionZoneHeader-icons is-collect" ng-class="{'is-delivery': isDelivery(), 'is-collect': isCollect(), 'is-unspecified' : isUnspecifiedDeliveryMethod()}">
            <span class="sr-only">
                <span>Expand </span>
                <!-- ngIf: isCollect() --><span ng-if="isCollect()" class=""> order pickup details</span><!-- end ngIf: isCollect() -->
                <!-- ngIf: isDelivery() -->
                <!-- ngIf: isUnspecifiedDeliveryMethod() -->
                <span> and shopping trolley. </span>
            </span>
            <i class="icon-mode_delivery collectionZoneHeader-deliveryIcon"></i>
            <i class="icon-business_clickcollect collectionZoneHeader-collectIcon"></i>
        </div>

        <div class="collectionZoneHeader-subTotal is-empty" ng-class="{'is-empty':  trolley.listPriceTotal < 0.01 }">
            <!-- ngIf: trolley.isTotalReady --><span ng-if="trolley.isTotalReady" class="">Total <span class="collectionZoneHeader-subTotalAmount">$0</span></span><!-- end ngIf: trolley.isTotalReady -->
            <!-- ngIf: !trolley.isTotalReady -->
        </div>
    </a>
    <oly-button class="collectionZoneHeader-checkout" loading="{ state: loadingCheckout, message: 'Please wait, loading checkout page'}"><div class="oly-button">
    <div class="_oly-button-transclude" ng-show="!loading.state">
        <a class="button button--primary collectionZoneHeader-checkout-button is-disabled" ui-sref="hyf" ng-click="::goToCheckout($event)" href="/shop/checkout">Checkout <!-- ngIf: !canCheckout --><span class="sr-only" ng-if="!canCheckout">; add items to trolley before you can checkout</span><!-- end ngIf: !canCheckout --></a>
    </div>
    <div ng-show="loading.state" class="oly-button-loading _oly-button-loading button button--primary collectionZoneHeader-checkout-button {{ !canCheckout ? 'is-disabled' : ''}} ng-hide" tabindex="0">
        <!-- ngIf: loading.state -->
    </div>
</div></oly-button>

</div>
<div class="collectionZoneHeader-spacer visible-xs"></div></wow-collection-zone-header><!-- end ngIf: !breakpointsService.isInMediumFormatGlobalHeader -->
        <a href="#" id="globalHeader-shoppingCartLink" class="globalHeader-cartIcon" ng-click="toggleCollectionZone(true)">
            <span class="globalHeader-trolleyCount ng-hide" ng-show="trolleyCount() > 0">(0)</span>
            <i class="icon-cart"></i><span class="sr-only">Collapse collection zone</span>
        </a>
        <!-- ngIf: trolley.srMessage -->
    </div>
</header><!-- end ngIf: !isSmallFormat -->

<!-- ngIf: isSmallFormat --></wow-global-header></div>

        <!-- ngIf: shouldShowStickyHeader() --><!-- uiView: sticky-header --><div id="sticky-header" ui-view="sticky-header" ng-if="shouldShowStickyHeader()" class=""><!-- ngIf: breakpointsService.isSmallFormat() && smallFormatCentrePanelSlideEnabled --></div><!-- end ngIf: shouldShowStickyHeader() -->
    </div>

    <!-- ngIf: breakpoints.isInSmallFormat -->

    <div id="content-container" wow-panels="">
        <div id="left-panel" class="u-noOutline" wow-open-close-panel="left" wow-open-close-panel-sr-text="navigation" tabindex="-1" ng-show="isLeftPanelVisible()"><!-- ngIf: !isOpen -->
<a href="javascript:;" class="openClosePanel onesite-base openClosePanel--left" ng-click="togglePanel()">
    <i class="icon-panetoggle_left openClosePanel-openIcon"></i>
    <span class="sr-only">Collapse navigation</span>
</a>
<ng-transclude>
            <!-- uiView: left-panel --><div class="left-panel-content" ui-view="left-panel" oly-angulax-view="navigation-panel"><wow-search-navigation><nav role="navigation" class="searchNavigation navigation" wow-scrollbar="" wow-hide-scroll="" wow-hide-on-scroll="hideScroll-wrapper" wow-disable-scrollbar="multisearchNavigationItems.length > 4" style="overflow: hidden;">
    <div class="hideScroll-wrapper " style="width: calc(100% + 17px); height: 100%; overflow-y: scroll; overflow-x: hidden;"><h2 class="sr-only">Search results navigation</h2><!-- ngIf: !isMultisearch --><div class="navigation-header" ng-if="!isMultisearch"></div><!-- end ngIf: !isMultisearch --><!-- ngIf: !isMultisearch --><wow-search-navigation-results ng-if="!isMultisearch" class=""><ul class="navigation-items">
    <li>
        <!-- ngIf: !showDisabledLink('products') --><a ng-if="!showDisabledLink('products')" ui-sref="shop.search.products({productId: undefined,  cardId: undefined, recipeId: undefined, name: undefined, pageNumber: undefined})" ng-class="{'is-active' : isState('shop.search.products', true)}" class="navigation-link is-active" href="/Shop/Search/Products?searchTerm=almonds">
            All Products
            <!-- ngIf: !search.SearchCount.loadingCount --><span ng-if="!search.SearchCount.loadingCount" class="">(161)</span><!-- end ngIf: !search.SearchCount.loadingCount -->
            <!-- ngIf: search.SearchCount.loadingCount -->
        </a><!-- end ngIf: !showDisabledLink('products') -->
        <!-- ngIf: showDisabledLink('products') -->
    </li>
    <li>
        <!-- ngIf: !showDisabledLink('specials') --><a ng-if="!showDisabledLink('specials')" ui-sref="shop.search.specials({productId: undefined,  cardId: undefined, recipeId: undefined, name: undefined, pageNumber: undefined})" ng-class="{'is-active' : isState('shop.search.specials', true)}" class="navigation-link" href="/Shop/Search/Specials?searchTerm=almonds">
            All Specials
            <!-- ngIf: !search.SearchCount.loadingCount --><span ng-if="!search.SearchCount.loadingCount" class="">(35)</span><!-- end ngIf: !search.SearchCount.loadingCount -->
            <!-- ngIf: search.SearchCount.loadingCount -->
        </a><!-- end ngIf: !showDisabledLink('specials') -->
        <!-- ngIf: showDisabledLink('specials') -->
    </li>
    <li>
        <!-- ngIf: !showDisabledLink('recipes') --><a ng-if="!showDisabledLink('recipes')" ui-sref="shop.search.recipes({productId: undefined,  cardId: undefined, recipeId: undefined, name: undefined, pageNumber: undefined})" ui-sref-active="is-active" class="navigation-link" href="/Shop/Search/Recipes?searchTerm=almonds">
            All Recipes
            <!-- ngIf: !search.SearchCount.loadingCount --><span ng-if="!search.SearchCount.loadingCount" class="">(18)</span><!-- end ngIf: !search.SearchCount.loadingCount -->
            <!-- ngIf: search.SearchCount.loadingCount -->
        </a><!-- end ngIf: !showDisabledLink('recipes') -->
        <!-- ngIf: showDisabledLink('recipes') -->
    </li>
    <li>
        <!-- ngIf: !showDisabledLink('articles') --><a ng-if="!showDisabledLink('articles')" ui-sref="shop.search.articles({productId: undefined,  cardId: undefined, recipeId: undefined, name: undefined, pageNumber: undefined})" ui-sref-active="is-active" class="navigation-link" href="/Shop/Search/Articles?searchTerm=almonds">
            Articles
            <!-- ngIf: !search.SearchCount.loadingCount --><span ng-if="!search.SearchCount.loadingCount" class="">(3)</span><!-- end ngIf: !search.SearchCount.loadingCount -->
            <!-- ngIf: search.SearchCount.loadingCount -->
        </a><!-- end ngIf: !showDisabledLink('articles') -->
        <!-- ngIf: showDisabledLink('articles') -->
    </li>
</ul></wow-search-navigation-results><!-- end ngIf: !isMultisearch --><!-- ngIf: isMultisearch --><!-- ngIf: isSearchShowCategory --><h2 ng-if="isSearchShowCategory" class="navigation-header searchNavigation-categoryHeader" ng-class="{'is-disabled': dontShowCategories()}">
        Results by Aisle
        <!-- ngIf: dontShowCategories() -->
    </h2><!-- end ngIf: isSearchShowCategory --><!-- ngIf: !dontShowCategories() --><wow-search-category categories="categories" ng-if="!dontShowCategories()" class=""><!-- Accessible Menu -->
<!-- ngIf: shopper.preferences.EnableAccessibleOptions -->

<!--Image Menu-->
<!-- ngIf: !shopper.preferences.EnableAccessibleOptions --><ul ng-if="!shopper.preferences.EnableAccessibleOptions" class="">
    <!-- ngRepeat: childCategory in childCategories --><li class="searchNavigation-category" ng-repeat="childCategory in childCategories">
        <a href="javascript:;" id="searchCategory-in-store-bakery" class="searchNavigation-categoryAisle" ng-click="filterByCategory(childCategory)">
            <span ng-class="{'is-active' : isListSelected(childCategory.UrlFriendlyName)}"></span>
            <h3 class="categoryList-aisleName">
                <span class="categoryList-aisleNameInner searchNavigation-categoryName">in-store bakery (1)</span>
            </h3>
            <img class="categoryList-aisleImage" ng-src="https://media4.woolworths.com.au/Content/wowCategoryImages/small/in-store-bakery.jpg" alt="" oly-error-src="" src="https://media4.woolworths.com.au/Content/wowCategoryImages/small/in-store-bakery.jpg">
        </a>
    </li><!-- end ngRepeat: childCategory in childCategories --><li class="searchNavigation-category" ng-repeat="childCategory in childCategories">
        <a href="javascript:;" id="searchCategory-baked-snacks-sweets" class="searchNavigation-categoryAisle" ng-click="filterByCategory(childCategory)">
            <span ng-class="{'is-active' : isListSelected(childCategory.UrlFriendlyName)}"></span>
            <h3 class="categoryList-aisleName">
                <span class="categoryList-aisleNameInner searchNavigation-categoryName">baked snacks &amp; sweets (6)</span>
            </h3>
            <img class="categoryList-aisleImage" ng-src="https://media1.woolworths.com.au/Content/wowCategoryImages/small/baked-snacks-sweets.jpg" alt="" oly-error-src="" src="https://media1.woolworths.com.au/Content/wowCategoryImages/small/baked-snacks-sweets.jpg">
        </a>
    </li><!-- end ngRepeat: childCategory in childCategories --><li class="searchNavigation-category" ng-repeat="childCategory in childCategories">
        <a href="javascript:;" id="searchCategory-chicken" class="searchNavigation-categoryAisle" ng-click="filterByCategory(childCategory)">
            <span ng-class="{'is-active' : isListSelected(childCategory.UrlFriendlyName)}"></span>
            <h3 class="categoryList-aisleName">
                <span class="categoryList-aisleNameInner searchNavigation-categoryName">chicken (1)</span>
            </h3>
            <img class="categoryList-aisleImage" ng-src="https://media1.woolworths.com.au/Content/wowCategoryImages/small/chicken.jpg" alt="" oly-error-src="" src="https://media1.woolworths.com.au/Content/wowCategoryImages/small/chicken.jpg">
        </a>
    </li><!-- end ngRepeat: childCategory in childCategories --><li class="searchNavigation-category" ng-repeat="childCategory in childCategories">
        <a href="javascript:;" id="searchCategory-soy-specialty-milk" class="searchNavigation-categoryAisle" ng-click="filterByCategory(childCategory)">
            <span ng-class="{'is-active' : isListSelected(childCategory.UrlFriendlyName)}"></span>
            <h3 class="categoryList-aisleName">
                <span class="categoryList-aisleNameInner searchNavigation-categoryName">soy &amp; specialty milk (1)</span>
            </h3>
            <img class="categoryList-aisleImage" ng-src="https://media4.woolworths.com.au/Content/wowCategoryImages/small/soy-specialty-milk.jpg" alt="" oly-error-src="" src="https://media4.woolworths.com.au/Content/wowCategoryImages/small/soy-specialty-milk.jpg">
        </a>
    </li><!-- end ngRepeat: childCategory in childCategories --><li class="searchNavigation-category" ng-repeat="childCategory in childCategories">
        <a href="javascript:;" id="searchCategory-cottage-cream-ricotta-cheese" class="searchNavigation-categoryAisle" ng-click="filterByCategory(childCategory)">
            <span ng-class="{'is-active' : isListSelected(childCategory.UrlFriendlyName)}"></span>
            <h3 class="categoryList-aisleName">
                <span class="categoryList-aisleNameInner searchNavigation-categoryName">cottage, cream &amp; ricotta cheese (3)</span>
            </h3>
            <img class="categoryList-aisleImage" ng-src="https://media3.woolworths.com.au/Content/wowCategoryImages/small/cottage-cream-ricotta-cheese.jpg" alt="" oly-error-src="" src="https://media3.woolworths.com.au/Content/wowCategoryImages/small/cottage-cream-ricotta-cheese.jpg">
        </a>
    </li><!-- end ngRepeat: childCategory in childCategories --><li class="searchNavigation-category" ng-repeat="childCategory in childCategories">
        <a href="javascript:;" id="searchCategory-firm-cheese" class="searchNavigation-categoryAisle" ng-click="filterByCategory(childCategory)">
            <span ng-class="{'is-active' : isListSelected(childCategory.UrlFriendlyName)}"></span>
            <h3 class="categoryList-aisleName">
                <span class="categoryList-aisleNameInner searchNavigation-categoryName">firm cheese (1)</span>
            </h3>
            <img class="categoryList-aisleImage" ng-src="https://media2.woolworths.com.au/Content/wowCategoryImages/small/firm-cheese.jpg" alt="" oly-error-src="" src="https://media2.woolworths.com.au/Content/wowCategoryImages/small/firm-cheese.jpg">
        </a>
    </li><!-- end ngRepeat: childCategory in childCategories --><li class="searchNavigation-category" ng-repeat="childCategory in childCategories">
        <a href="javascript:;" id="searchCategory-specialty-cheese" class="searchNavigation-categoryAisle" ng-click="filterByCategory(childCategory)">
            <span ng-class="{'is-active' : isListSelected(childCategory.UrlFriendlyName)}"></span>
            <h3 class="categoryList-aisleName">
                <span class="categoryList-aisleNameInner searchNavigation-categoryName">specialty cheese (1)</span>
            </h3>
            <img class="categoryList-aisleImage" ng-src="https://media4.woolworths.com.au/Content/wowCategoryImages/small/specialty-cheese.jpg" alt="" oly-error-src="" src="https://media4.woolworths.com.au/Content/wowCategoryImages/small/specialty-cheese.jpg">
        </a>
    </li><!-- end ngRepeat: childCategory in childCategories --><li class="searchNavigation-category" ng-repeat="childCategory in childCategories">
        <a href="javascript:;" id="searchCategory-dip" class="searchNavigation-categoryAisle" ng-click="filterByCategory(childCategory)">
            <span ng-class="{'is-active' : isListSelected(childCategory.UrlFriendlyName)}"></span>
            <h3 class="categoryList-aisleName">
                <span class="categoryList-aisleNameInner searchNavigation-categoryName">dip (1)</span>
            </h3>
            <img class="categoryList-aisleImage" ng-src="https://media3.woolworths.com.au/Content/wowCategoryImages/small/dip.jpg" alt="" oly-error-src="" src="https://media3.woolworths.com.au/Content/wowCategoryImages/small/dip.jpg">
        </a>
    </li><!-- end ngRepeat: childCategory in childCategories --><li class="searchNavigation-category" ng-repeat="childCategory in childCategories">
        <a href="javascript:;" id="searchCategory-cooking-oil" class="searchNavigation-categoryAisle" ng-click="filterByCategory(childCategory)">
            <span ng-class="{'is-active' : isListSelected(childCategory.UrlFriendlyName)}"></span>
            <h3 class="categoryList-aisleName">
                <span class="categoryList-aisleNameInner searchNavigation-categoryName">cooking oil (1)</span>
            </h3>
            <img class="categoryList-aisleImage" ng-src="https://media3.woolworths.com.au/Content/wowCategoryImages/small/cooking-oil.jpg" alt="" oly-error-src="" src="https://media3.woolworths.com.au/Content/wowCategoryImages/small/cooking-oil.jpg">
        </a>
    </li><!-- end ngRepeat: childCategory in childCategories --><li class="searchNavigation-category" ng-repeat="childCategory in childCategories">
        <a href="javascript:;" id="searchCategory-herbs-spices-a-k" class="searchNavigation-categoryAisle" ng-click="filterByCategory(childCategory)">
            <span ng-class="{'is-active' : isListSelected(childCategory.UrlFriendlyName)}"></span>
            <h3 class="categoryList-aisleName">
                <span class="categoryList-aisleNameInner searchNavigation-categoryName">herbs &amp; spices a-k (1)</span>
            </h3>
            <img class="categoryList-aisleImage" ng-src="https://media4.woolworths.com.au/Content/wowCategoryImages/small/herbs-spices-a-k.jpg" alt="" oly-error-src="" src="https://media4.woolworths.com.au/Content/wowCategoryImages/small/herbs-spices-a-k.jpg">
        </a>
    </li><!-- end ngRepeat: childCategory in childCategories --><li class="searchNavigation-category" ng-repeat="childCategory in childCategories">
        <a href="javascript:;" id="searchCategory-european-food" class="searchNavigation-categoryAisle" ng-click="filterByCategory(childCategory)">
            <span ng-class="{'is-active' : isListSelected(childCategory.UrlFriendlyName)}"></span>
            <h3 class="categoryList-aisleName">
                <span class="categoryList-aisleNameInner searchNavigation-categoryName">european food (2)</span>
            </h3>
            <img class="categoryList-aisleImage" ng-src="https://media2.woolworths.com.au/Content/wowCategoryImages/small/european-food.jpg" alt="" oly-error-src="" src="https://media2.woolworths.com.au/Content/wowCategoryImages/small/european-food.jpg">
        </a>
    </li><!-- end ngRepeat: childCategory in childCategories --><li class="searchNavigation-category" ng-repeat="childCategory in childCategories">
        <a href="javascript:;" id="searchCategory-health-fruit-nuts-grains-seeds" class="searchNavigation-categoryAisle" ng-click="filterByCategory(childCategory)">
            <span ng-class="{'is-active' : isListSelected(childCategory.UrlFriendlyName)}"></span>
            <h3 class="categoryList-aisleName">
                <span class="categoryList-aisleNameInner searchNavigation-categoryName">health fruit, nuts, grains &amp; seeds (10)</span>
            </h3>
            <img class="categoryList-aisleImage" ng-src="https://media2.woolworths.com.au/Content/wowCategoryImages/small/health-fruit-nuts-grains-seeds.jpg" alt="" oly-error-src="" src="https://media2.woolworths.com.au/Content/wowCategoryImages/small/health-fruit-nuts-grains-seeds.jpg">
        </a>
    </li><!-- end ngRepeat: childCategory in childCategories --><li class="searchNavigation-category" ng-repeat="childCategory in childCategories">
        <a href="javascript:;" id="searchCategory-health-breakfast-food-spread" class="searchNavigation-categoryAisle" ng-click="filterByCategory(childCategory)">
            <span ng-class="{'is-active' : isListSelected(childCategory.UrlFriendlyName)}"></span>
            <h3 class="categoryList-aisleName">
                <span class="categoryList-aisleNameInner searchNavigation-categoryName">health breakfast food &amp; spread (3)</span>
            </h3>
            <img class="categoryList-aisleImage" ng-src="https://media3.woolworths.com.au/Content/wowCategoryImages/small/health-breakfast-food-spread.jpg" alt="" oly-error-src="" src="https://media3.woolworths.com.au/Content/wowCategoryImages/small/health-breakfast-food-spread.jpg">
        </a>
    </li><!-- end ngRepeat: childCategory in childCategories --><li class="searchNavigation-category" ng-repeat="childCategory in childCategories">
        <a href="javascript:;" id="searchCategory-health-snacks-drinks" class="searchNavigation-categoryAisle" ng-click="filterByCategory(childCategory)">
            <span ng-class="{'is-active' : isListSelected(childCategory.UrlFriendlyName)}"></span>
            <h3 class="categoryList-aisleName">
                <span class="categoryList-aisleNameInner searchNavigation-categoryName">health snacks &amp; drinks (13)</span>
            </h3>
            <img class="categoryList-aisleImage" ng-src="https://media2.woolworths.com.au/Content/wowCategoryImages/small/health-snacks-drinks.jpg" alt="" oly-error-src="" src="https://media2.woolworths.com.au/Content/wowCategoryImages/small/health-snacks-drinks.jpg">
        </a>
    </li><!-- end ngRepeat: childCategory in childCategories --><li class="searchNavigation-category" ng-repeat="childCategory in childCategories">
        <a href="javascript:;" id="searchCategory-healthy-bites" class="searchNavigation-categoryAisle" ng-click="filterByCategory(childCategory)">
            <span ng-class="{'is-active' : isListSelected(childCategory.UrlFriendlyName)}"></span>
            <h3 class="categoryList-aisleName">
                <span class="categoryList-aisleNameInner searchNavigation-categoryName">healthy bites (7)</span>
            </h3>
            <img class="categoryList-aisleImage" ng-src="https://media3.woolworths.com.au/Content/wowCategoryImages/small/healthy-bites.jpg" alt="" oly-error-src="" src="https://media3.woolworths.com.au/Content/wowCategoryImages/small/healthy-bites.jpg">
        </a>
    </li><!-- end ngRepeat: childCategory in childCategories --><li class="searchNavigation-category" ng-repeat="childCategory in childCategories">
        <a href="javascript:;" id="searchCategory-peanut-butter" class="searchNavigation-categoryAisle" ng-click="filterByCategory(childCategory)">
            <span ng-class="{'is-active' : isListSelected(childCategory.UrlFriendlyName)}"></span>
            <h3 class="categoryList-aisleName">
                <span class="categoryList-aisleNameInner searchNavigation-categoryName">peanut butter (1)</span>
            </h3>
            <img class="categoryList-aisleImage" ng-src="https://media4.woolworths.com.au/Content/wowCategoryImages/small/peanut-butter.jpg" alt="" oly-error-src="" src="https://media4.woolworths.com.au/Content/wowCategoryImages/small/peanut-butter.jpg">
        </a>
    </li><!-- end ngRepeat: childCategory in childCategories --><li class="searchNavigation-category" ng-repeat="childCategory in childCategories">
        <a href="javascript:;" id="searchCategory-breakfast-cereal" class="searchNavigation-categoryAisle" ng-click="filterByCategory(childCategory)">
            <span ng-class="{'is-active' : isListSelected(childCategory.UrlFriendlyName)}"></span>
            <h3 class="categoryList-aisleName">
                <span class="categoryList-aisleNameInner searchNavigation-categoryName">breakfast cereal (13)</span>
            </h3>
            <img class="categoryList-aisleImage" ng-src="https://media4.woolworths.com.au/Content/wowCategoryImages/small/breakfast-cereal.jpg" alt="" oly-error-src="" src="https://media4.woolworths.com.au/Content/wowCategoryImages/small/breakfast-cereal.jpg">
        </a>
    </li><!-- end ngRepeat: childCategory in childCategories --><li class="searchNavigation-category" ng-repeat="childCategory in childCategories">
        <a href="javascript:;" id="searchCategory-muesli-oats" class="searchNavigation-categoryAisle" ng-click="filterByCategory(childCategory)">
            <span ng-class="{'is-active' : isListSelected(childCategory.UrlFriendlyName)}"></span>
            <h3 class="categoryList-aisleName">
                <span class="categoryList-aisleNameInner searchNavigation-categoryName">muesli &amp; oats (7)</span>
            </h3>
            <img class="categoryList-aisleImage" ng-src="https://media3.woolworths.com.au/Content/wowCategoryImages/small/muesli-oats.jpg" alt="" oly-error-src="" src="https://media3.woolworths.com.au/Content/wowCategoryImages/small/muesli-oats.jpg">
        </a>
    </li><!-- end ngRepeat: childCategory in childCategories --><li class="searchNavigation-category" ng-repeat="childCategory in childCategories">
        <a href="javascript:;" id="searchCategory-breakfast-snacks-drinks" class="searchNavigation-categoryAisle" ng-click="filterByCategory(childCategory)">
            <span ng-class="{'is-active' : isListSelected(childCategory.UrlFriendlyName)}"></span>
            <h3 class="categoryList-aisleName">
                <span class="categoryList-aisleNameInner searchNavigation-categoryName">breakfast snacks &amp; drinks (1)</span>
            </h3>
            <img class="categoryList-aisleImage" ng-src="https://media1.woolworths.com.au/Content/wowCategoryImages/small/breakfast-snacks-drinks.jpg" alt="" oly-error-src="" src="https://media1.woolworths.com.au/Content/wowCategoryImages/small/breakfast-snacks-drinks.jpg">
        </a>
    </li><!-- end ngRepeat: childCategory in childCategories --><li class="searchNavigation-category" ng-repeat="childCategory in childCategories">
        <a href="javascript:;" id="searchCategory-dried-fruit" class="searchNavigation-categoryAisle" ng-click="filterByCategory(childCategory)">
            <span ng-class="{'is-active' : isListSelected(childCategory.UrlFriendlyName)}"></span>
            <h3 class="categoryList-aisleName">
                <span class="categoryList-aisleNameInner searchNavigation-categoryName">dried fruit (2)</span>
            </h3>
            <img class="categoryList-aisleImage" ng-src="https://media1.woolworths.com.au/Content/wowCategoryImages/small/dried-fruit.jpg" alt="" oly-error-src="" src="https://media1.woolworths.com.au/Content/wowCategoryImages/small/dried-fruit.jpg">
        </a>
    </li><!-- end ngRepeat: childCategory in childCategories --><li class="searchNavigation-category" ng-repeat="childCategory in childCategories">
        <a href="javascript:;" id="searchCategory-baking-nuts-seeds" class="searchNavigation-categoryAisle" ng-click="filterByCategory(childCategory)">
            <span ng-class="{'is-active' : isListSelected(childCategory.UrlFriendlyName)}"></span>
            <h3 class="categoryList-aisleName">
                <span class="categoryList-aisleNameInner searchNavigation-categoryName">baking nuts &amp; seeds (17)</span>
            </h3>
            <img class="categoryList-aisleImage" ng-src="https://media4.woolworths.com.au/Content/wowCategoryImages/small/baking-nuts-seeds.jpg" alt="" oly-error-src="" src="https://media4.woolworths.com.au/Content/wowCategoryImages/small/baking-nuts-seeds.jpg">
        </a>
    </li><!-- end ngRepeat: childCategory in childCategories --><li class="searchNavigation-category" ng-repeat="childCategory in childCategories">
        <a href="javascript:;" id="searchCategory-baking-flavour-colour-decoration" class="searchNavigation-categoryAisle" ng-click="filterByCategory(childCategory)">
            <span ng-class="{'is-active' : isListSelected(childCategory.UrlFriendlyName)}"></span>
            <h3 class="categoryList-aisleName">
                <span class="categoryList-aisleNameInner searchNavigation-categoryName">baking flavour, colour &amp; decoration (1)</span>
            </h3>
            <img class="categoryList-aisleImage" ng-src="https://media2.woolworths.com.au/Content/wowCategoryImages/small/baking-flavour-colour-decoration.jpg" alt="" oly-error-src="" src="https://media2.woolworths.com.au/Content/wowCategoryImages/small/baking-flavour-colour-decoration.jpg">
        </a>
    </li><!-- end ngRepeat: childCategory in childCategories --><li class="searchNavigation-category" ng-repeat="childCategory in childCategories">
        <a href="javascript:;" id="searchCategory-chocolate-bars" class="searchNavigation-categoryAisle" ng-click="filterByCategory(childCategory)">
            <span ng-class="{'is-active' : isListSelected(childCategory.UrlFriendlyName)}"></span>
            <h3 class="categoryList-aisleName">
                <span class="categoryList-aisleNameInner searchNavigation-categoryName">chocolate bars (1)</span>
            </h3>
            <img class="categoryList-aisleImage" ng-src="https://media1.woolworths.com.au/Content/wowCategoryImages/small/chocolate-bars.jpg" alt="" oly-error-src="" src="https://media1.woolworths.com.au/Content/wowCategoryImages/small/chocolate-bars.jpg">
        </a>
    </li><!-- end ngRepeat: childCategory in childCategories --><li class="searchNavigation-category" ng-repeat="childCategory in childCategories">
        <a href="javascript:;" id="searchCategory-chocolate-blocks" class="searchNavigation-categoryAisle" ng-click="filterByCategory(childCategory)">
            <span ng-class="{'is-active' : isListSelected(childCategory.UrlFriendlyName)}"></span>
            <h3 class="categoryList-aisleName">
                <span class="categoryList-aisleNameInner searchNavigation-categoryName">chocolate blocks (6)</span>
            </h3>
            <img class="categoryList-aisleImage" ng-src="https://media3.woolworths.com.au/Content/wowCategoryImages/small/chocolate-blocks.jpg" alt="" oly-error-src="" src="https://media3.woolworths.com.au/Content/wowCategoryImages/small/chocolate-blocks.jpg">
        </a>
    </li><!-- end ngRepeat: childCategory in childCategories --><li class="searchNavigation-category" ng-repeat="childCategory in childCategories">
        <a href="javascript:;" id="searchCategory-chocolate-share-packs" class="searchNavigation-categoryAisle" ng-click="filterByCategory(childCategory)">
            <span ng-class="{'is-active' : isListSelected(childCategory.UrlFriendlyName)}"></span>
            <h3 class="categoryList-aisleName">
                <span class="categoryList-aisleNameInner searchNavigation-categoryName">chocolate share packs (1)</span>
            </h3>
            <img class="categoryList-aisleImage" ng-src="https://media3.woolworths.com.au/Content/wowCategoryImages/small/chocolate-share-packs.jpg" alt="" oly-error-src="" src="https://media3.woolworths.com.au/Content/wowCategoryImages/small/chocolate-share-packs.jpg">
        </a>
    </li><!-- end ngRepeat: childCategory in childCategories --><li class="searchNavigation-category" ng-repeat="childCategory in childCategories">
        <a href="javascript:;" id="searchCategory-chocolate-boxes-gifts" class="searchNavigation-categoryAisle" ng-click="filterByCategory(childCategory)">
            <span ng-class="{'is-active' : isListSelected(childCategory.UrlFriendlyName)}"></span>
            <h3 class="categoryList-aisleName">
                <span class="categoryList-aisleNameInner searchNavigation-categoryName">chocolate boxes &amp; gifts (3)</span>
            </h3>
            <img class="categoryList-aisleImage" ng-src="https://media2.woolworths.com.au/Content/wowCategoryImages/small/chocolate-boxes-gifts.jpg" alt="" oly-error-src="" src="https://media2.woolworths.com.au/Content/wowCategoryImages/small/chocolate-boxes-gifts.jpg">
        </a>
    </li><!-- end ngRepeat: childCategory in childCategories --><li class="searchNavigation-category" ng-repeat="childCategory in childCategories">
        <a href="javascript:;" id="searchCategory-plain-sweet-biscuits" class="searchNavigation-categoryAisle" ng-click="filterByCategory(childCategory)">
            <span ng-class="{'is-active' : isListSelected(childCategory.UrlFriendlyName)}"></span>
            <h3 class="categoryList-aisleName">
                <span class="categoryList-aisleNameInner searchNavigation-categoryName">plain &amp; sweet biscuits (3)</span>
            </h3>
            <img class="categoryList-aisleImage" ng-src="https://media4.woolworths.com.au/Content/wowCategoryImages/small/plain-sweet-biscuits.jpg" alt="" oly-error-src="" src="https://media4.woolworths.com.au/Content/wowCategoryImages/small/plain-sweet-biscuits.jpg">
        </a>
    </li><!-- end ngRepeat: childCategory in childCategories --><li class="searchNavigation-category" ng-repeat="childCategory in childCategories">
        <a href="javascript:;" id="searchCategory-muesli-bars" class="searchNavigation-categoryAisle" ng-click="filterByCategory(childCategory)">
            <span ng-class="{'is-active' : isListSelected(childCategory.UrlFriendlyName)}"></span>
            <h3 class="categoryList-aisleName">
                <span class="categoryList-aisleNameInner searchNavigation-categoryName">muesli bars (9)</span>
            </h3>
            <img class="categoryList-aisleImage" ng-src="https://media4.woolworths.com.au/Content/wowCategoryImages/small/muesli-bars.jpg" alt="" oly-error-src="" src="https://media4.woolworths.com.au/Content/wowCategoryImages/small/muesli-bars.jpg">
        </a>
    </li><!-- end ngRepeat: childCategory in childCategories --><li class="searchNavigation-category" ng-repeat="childCategory in childCategories">
        <a href="javascript:;" id="searchCategory-nuts-snack-pots" class="searchNavigation-categoryAisle" ng-click="filterByCategory(childCategory)">
            <span ng-class="{'is-active' : isListSelected(childCategory.UrlFriendlyName)}"></span>
            <h3 class="categoryList-aisleName">
                <span class="categoryList-aisleNameInner searchNavigation-categoryName">nuts &amp; snack pots (18)</span>
            </h3>
            <img class="categoryList-aisleImage" ng-src="https://media2.woolworths.com.au/Content/wowCategoryImages/small/nuts-snack-pots.jpg" alt="" oly-error-src="" src="https://media2.woolworths.com.au/Content/wowCategoryImages/small/nuts-snack-pots.jpg">
        </a>
    </li><!-- end ngRepeat: childCategory in childCategories --><li class="searchNavigation-category" ng-repeat="childCategory in childCategories">
        <a href="javascript:;" id="searchCategory-long-life-milk" class="searchNavigation-categoryAisle" ng-click="filterByCategory(childCategory)">
            <span ng-class="{'is-active' : isListSelected(childCategory.UrlFriendlyName)}"></span>
            <h3 class="categoryList-aisleName">
                <span class="categoryList-aisleNameInner searchNavigation-categoryName">long life milk (19)</span>
            </h3>
            <img class="categoryList-aisleImage" ng-src="https://media3.woolworths.com.au/Content/wowCategoryImages/small/long-life-milk.jpg" alt="" oly-error-src="" src="https://media3.woolworths.com.au/Content/wowCategoryImages/small/long-life-milk.jpg">
        </a>
    </li><!-- end ngRepeat: childCategory in childCategories --><li class="searchNavigation-category" ng-repeat="childCategory in childCategories">
        <a href="javascript:;" id="searchCategory-chilled-juice" class="searchNavigation-categoryAisle" ng-click="filterByCategory(childCategory)">
            <span ng-class="{'is-active' : isListSelected(childCategory.UrlFriendlyName)}"></span>
            <h3 class="categoryList-aisleName">
                <span class="categoryList-aisleNameInner searchNavigation-categoryName">chilled juice (1)</span>
            </h3>
            <img class="categoryList-aisleImage" ng-src="https://media4.woolworths.com.au/Content/wowCategoryImages/small/chilled-juice.jpg" alt="" oly-error-src="" src="https://media4.woolworths.com.au/Content/wowCategoryImages/small/chilled-juice.jpg">
        </a>
    </li><!-- end ngRepeat: childCategory in childCategories --><li class="searchNavigation-category" ng-repeat="childCategory in childCategories">
        <a href="javascript:;" id="searchCategory-multi-pack-single-serve-ice-cream" class="searchNavigation-categoryAisle" ng-click="filterByCategory(childCategory)">
            <span ng-class="{'is-active' : isListSelected(childCategory.UrlFriendlyName)}"></span>
            <h3 class="categoryList-aisleName">
                <span class="categoryList-aisleNameInner searchNavigation-categoryName">multi pack &amp; single serve ice cream (7)</span>
            </h3>
            <img class="categoryList-aisleImage" ng-src="https://media1.woolworths.com.au/Content/wowCategoryImages/small/multi-pack-single-serve-ice-cream.jpg" alt="" oly-error-src="" src="https://media1.woolworths.com.au/Content/wowCategoryImages/small/multi-pack-single-serve-ice-cream.jpg">
        </a>
    </li><!-- end ngRepeat: childCategory in childCategories --><li class="searchNavigation-category" ng-repeat="childCategory in childCategories">
        <a href="javascript:;" id="searchCategory-body-wash-bath" class="searchNavigation-categoryAisle" ng-click="filterByCategory(childCategory)">
            <span ng-class="{'is-active' : isListSelected(childCategory.UrlFriendlyName)}"></span>
            <h3 class="categoryList-aisleName">
                <span class="categoryList-aisleNameInner searchNavigation-categoryName">body wash &amp; bath (1)</span>
            </h3>
            <img class="categoryList-aisleImage" ng-src="https://media2.woolworths.com.au/Content/wowCategoryImages/small/body-wash-bath.jpg" alt="" oly-error-src="" src="https://media2.woolworths.com.au/Content/wowCategoryImages/small/body-wash-bath.jpg">
        </a>
    </li><!-- end ngRepeat: childCategory in childCategories --><li class="searchNavigation-category" ng-repeat="childCategory in childCategories">
        <a href="javascript:;" id="searchCategory-handwash-hand-sanitiser" class="searchNavigation-categoryAisle" ng-click="filterByCategory(childCategory)">
            <span ng-class="{'is-active' : isListSelected(childCategory.UrlFriendlyName)}"></span>
            <h3 class="categoryList-aisleName">
                <span class="categoryList-aisleNameInner searchNavigation-categoryName">handwash &amp; hand sanitiser (2)</span>
            </h3>
            <img class="categoryList-aisleImage" ng-src="https://media3.woolworths.com.au/Content/wowCategoryImages/small/handwash-hand-sanitiser.jpg" alt="" oly-error-src="" src="https://media3.woolworths.com.au/Content/wowCategoryImages/small/handwash-hand-sanitiser.jpg">
        </a>
    </li><!-- end ngRepeat: childCategory in childCategories --><li class="searchNavigation-category" ng-repeat="childCategory in childCategories">
        <a href="javascript:;" id="searchCategory-medicated-shampoo-conditioner" class="searchNavigation-categoryAisle" ng-click="filterByCategory(childCategory)">
            <span ng-class="{'is-active' : isListSelected(childCategory.UrlFriendlyName)}"></span>
            <h3 class="categoryList-aisleName">
                <span class="categoryList-aisleNameInner searchNavigation-categoryName">medicated shampoo &amp; conditioner (2)</span>
            </h3>
            <img class="categoryList-aisleImage" ng-src="https://media1.woolworths.com.au/Content/wowCategoryImages/small/medicated-shampoo-conditioner.jpg" alt="" oly-error-src="" src="https://media1.woolworths.com.au/Content/wowCategoryImages/small/medicated-shampoo-conditioner.jpg">
        </a>
    </li><!-- end ngRepeat: childCategory in childCategories --><li class="searchNavigation-category" ng-repeat="childCategory in childCategories">
        <a href="javascript:;" id="searchCategory-hair-colour-permanent" class="searchNavigation-categoryAisle" ng-click="filterByCategory(childCategory)">
            <span ng-class="{'is-active' : isListSelected(childCategory.UrlFriendlyName)}"></span>
            <h3 class="categoryList-aisleName">
                <span class="categoryList-aisleNameInner searchNavigation-categoryName">hair colour permanent (1)</span>
            </h3>
            <img class="categoryList-aisleImage" ng-src="https://media4.woolworths.com.au/Content/wowCategoryImages/small/hair-colour-permanent.jpg" alt="" oly-error-src="" src="https://media4.woolworths.com.au/Content/wowCategoryImages/small/hair-colour-permanent.jpg">
        </a>
    </li><!-- end ngRepeat: childCategory in childCategories -->
</ul><!-- end ngIf: !shopper.preferences.EnableAccessibleOptions --></wow-search-category><!-- end ngIf: !dontShowCategories() --></div>
    
    
    
    
    
<div class="wowScrollbar"><div class="wowScrollbar-indicator" style="height: 56.3433px;"></div></div></nav></wow-search-navigation></div>
        </ng-transclude></div>

        <!-- ngIf: shouldShowCenterPanel() --><main role="main" id="center-panel" class="rightPanel-ishidden animation-ended u-noOutline" wow-hide-scroll="" wow-scrollbar="" wow-hide-on-scroll="hideScroll-wrapper" tabindex="-1" ng-if="shouldShowCenterPanel()" style="overflow: hidden;">

            <div class="hideScroll-wrapper " style="width: calc(100% + 17px); height: 100%; overflow-y: scroll; overflow-x: hidden;"><div class="center-content">
                <wow-primary-header><!-- ngIf: hasPrimaryHeader --><h1 class="sr-only" ng-if="hasPrimaryHeader">almonds - Woolworths Online</h1><!-- end ngIf: hasPrimaryHeader --></wow-primary-header>

                <!-- ngIf: shouldShowBackButton() -->

                <oly-dynamic-content oly-dc-url-schedule="" class="dynamic-content2-panelTop"><!-- ngInclude: templateUrl --><div class="dynamic-content2-panel" ng-include="templateUrl" onload="dcCtrl.onLoad()">

<div class="dynamic-content-canvas onesite-base container-fluid is-empty dynamic-content-version2" data-schedule-key="/Shop/Search/Products" data-layout-id="">

</div></div></oly-dynamic-content>

                <!-- uiView: center-panel --><div ui-view="center-panel" oly-angulax-view="content-panel" class=""><wow-card-list show-header="true"><ng-transclude>
    <wow-search-list></wow-search-list>
</ng-transclude>

<!-- ngIf: ::enableHeader --><h2 class="u-positionRelative cardList-header hidden-xs" ng-class="showHeaderClasses()" ng-if="::enableHeader">Showing Results for "almonds" <!-- ngIf: isSorted --></h2><!-- end ngIf: ::enableHeader -->

<!-- ngIf: (cards.length > 0 && !isLoading) || isLoading || !zeroCardsTemplate --><div class="cardList" ng-class="::className" ng-if="(cards.length > 0 &amp;&amp; !isLoading) || isLoading || !zeroCardsTemplate">
    <wow-delivery-pass-max-purchase-limit-message><div class="onesite-base deliveryPass-limitError">
    <div id="deliveryPassLimitErrorContainer" class="alert alert--error ng-hide" ng-show="shouldDisplayErrorMessage()" tabindex="-1">
        <div class="icon-alert_exclamation alert-icon"></div>
        <div class="alert-content">
            Ooops you can only have a maximum of 2 active Delivery Savers on your account at any one time.  These will be used consecutively.
        </div>
    </div>
</div></wow-delivery-pass-max-purchase-limit-message>
    <!-- ngIf: topRightButton || sorting.sortTypes --><div class="u-formRow cardList-controls" ng-class="::{'has-topRightButton' : topRightButton}" ng-if="topRightButton || sorting.sortTypes">
        <!-- ngIf: breakpointsService.isInSmallFormat && topLeftLabel -->
        <div class="cardList-sortByAndTopRightButton">
            <!-- ngIf: sorting.sortTypes && cards.length > 0 --><span class="cardList-sortBy" ng-if="sorting.sortTypes &amp;&amp; cards.length > 0">Sort by: <oly-inline-dropdown label-key="Text" ng-model="sorting.sortType" options="sorting.sortTypes" on-change="sortByChanged(option)" class="ng-pristine ng-untouched ng-valid"><div class="olyDropdown olyDropdown--inline">
    <a href="javascript:;" class="olyDropdown--inline-selectedInlineItem" ng-click="toggleDropdown($event)">
        Relevance
        <span class="sr-only">selected, activate for more options</span>
        <i class="icon-chevron_down"></i>
    </a>
    <ul class="olyDropdown-items" ng-keydown="onKeyDown($event)">
        <!-- ngRepeat: option in options --><li class="olyDropdown-item" ng-repeat="option in options">
            <a href="javascript:;" class="olyDropdown-link" ng-click="selectOption(option)" tabindex="-1">
                Relevance
                <!-- ngIf: $first --><i class="icon-chevron_up olyDropdown-chevronUp" ng-if="$first"></i><!-- end ngIf: $first -->
            </a>
        </li><!-- end ngRepeat: option in options --><li class="olyDropdown-item" ng-repeat="option in options">
            <a href="javascript:;" class="olyDropdown-link" ng-click="selectOption(option)" tabindex="-1">
                A to Z (Product name)
                <!-- ngIf: $first -->
            </a>
        </li><!-- end ngRepeat: option in options --><li class="olyDropdown-item" ng-repeat="option in options">
            <a href="javascript:;" class="olyDropdown-link" ng-click="selectOption(option)" tabindex="-1">
                Z to A (Product name)
                <!-- ngIf: $first -->
            </a>
        </li><!-- end ngRepeat: option in options --><li class="olyDropdown-item" ng-repeat="option in options">
            <a href="javascript:;" class="olyDropdown-link" ng-click="selectOption(option)" tabindex="-1">
                Aisle
                <!-- ngIf: $first -->
            </a>
        </li><!-- end ngRepeat: option in options --><li class="olyDropdown-item" ng-repeat="option in options">
            <a href="javascript:;" class="olyDropdown-link" ng-click="selectOption(option)" tabindex="-1">
                New
                <!-- ngIf: $first -->
            </a>
        </li><!-- end ngRepeat: option in options --><li class="olyDropdown-item" ng-repeat="option in options">
            <a href="javascript:;" class="olyDropdown-link" ng-click="selectOption(option)" tabindex="-1">
                Special
                <!-- ngIf: $first -->
            </a>
        </li><!-- end ngRepeat: option in options --><li class="olyDropdown-item" ng-repeat="option in options">
            <a href="javascript:;" class="olyDropdown-link" ng-click="selectOption(option)" tabindex="-1">
                Price Low to High
                <!-- ngIf: $first -->
            </a>
        </li><!-- end ngRepeat: option in options --><li class="olyDropdown-item" ng-repeat="option in options">
            <a href="javascript:;" class="olyDropdown-link" ng-click="selectOption(option)" tabindex="-1">
                Price High to Low
                <!-- ngIf: $first -->
            </a>
        </li><!-- end ngRepeat: option in options --><li class="olyDropdown-item" ng-repeat="option in options">
            <a href="javascript:;" class="olyDropdown-link" ng-click="selectOption(option)" tabindex="-1">
                Unit Price Low to High
                <!-- ngIf: $first -->
            </a>
        </li><!-- end ngRepeat: option in options --><li class="olyDropdown-item" ng-repeat="option in options">
            <a href="javascript:;" class="olyDropdown-link" ng-click="selectOption(option)" tabindex="-1">
                Unit Price High to Low
                <!-- ngIf: $first -->
            </a>
        </li><!-- end ngRepeat: option in options -->
    </ul>
</div></oly-inline-dropdown></span><!-- end ngIf: sorting.sortTypes && cards.length > 0 -->
            <!-- ngIf: smallerProductStampsEnabled && cards.length > 0 --><div class="cardList-smallProductStampsButtons" ng-if="smallerProductStampsEnabled &amp;&amp; cards.length > 0">
                <a href="javascript:;" class="cardViewToggleLink cardList-leftReducedCardView selected" ng-click="setStampSize(cardSizes.Normal)" ng-class="{'selected' : stampSize == cardSizes.Normal}">
                    <i class="icon-reduced-cards-view smallProductStampsButton"></i>
                    <span class="sr-only">Display larger cards, selected</span>
                </a>
                <a href="javascript:;" class="cardViewToggleLink cardList-middleReducedCardView" ng-click="setStampSize(cardSizes.Compact)" ng-class="{'selected' : stampSize == cardSizes.Compact}">
                    <i class="icon-cards-view smallProductStampsButton"></i>
                    <span class="sr-only">Display smaller cards</span>
                    <!-- FOR ROW DISPLAY <span ng-click="setStampSize('row')">Row</span>-->
                </a>
            </div><!-- end ngIf: smallerProductStampsEnabled && cards.length > 0 -->
            <!-- ngIf: topRightButton -->
        </div>
    </div><!-- end ngIf: topRightButton || sorting.sortTypes -->

    <!-- ngIf: breakpointsService.isInSmallFormat -->

    <!-- ngIf: !breakpointsService.isInSmallFormat --><div ng-if="!breakpointsService.isInSmallFormat" class="cardList-cards cardList-isotopeContainer" ng-class="{'isCompact' : stampSize == cardSizes.Compact, 'cardList-isotopeContainer': enableIsotope }" style="height: auto;">
        <!-- ngIf: showStaticProductDetails && enableDetail -->

        <!-- ngIf: showStaticRecipeDetails -->

        <!-- ngRepeat: card in cards track by card.isotopeId --><wow-card ng-repeat="card in cards track by card.isotopeId" card="card" class="isotope-item card-directive" ng-class="::{'detail-wrapper': card.isDetail, 'isMoved' : card.isMoved}" data-isotope-order="10" id="56071e95-f9b1-b877-11d3-8d6ac4730251" tabindex="-1" oly-repeat-finished="onFinishRender()"><span class="_card"><wow-shelf-product product="product"><div class="shelfProductStamp card u-noOutline shelfProductStamp--regular enable-center-product-tag" data-stockcode="145039" tabindex="-1" ng-class="{
         'shelfProductStamp--regular' : !isdetail,
         'is-largeFormat': forceLargeFormatView,
         'is-smallFormat': forceSmallFormatView,
         'md-responsive' : sfResponsiveSize.medium,
         'lg-responsive' : sfResponsiveSize.large,
         'sm-responsive' : sfResponsiveSize.small,
         'xs-responsive' : sfResponsiveSize.xSmall,
         'enable-center-product-tag' : !forceDisableCenterProductTag
     }">

    <div class="shelfProductStamp-mainContainer">

        <div class="shelfProductStamp-content row">
            <div class="shelfProductStamp-imageTagsContainer" ng-switch="::(!!product.ImageTag.TagLink)">
                <img ng-src="/Content/wowProductImages/medium/145039.JPG" alt="" class="shelfProductStamp-productImage u-noOutline u-cursor-pointer" ng-click="showProductDetail($event)" ng-class="::{'u-cursor-pointer': canOpenDetail}" src="/Content/wowProductImages/medium/145039.JPG">

                <!-- ngSwitchWhen: true -->
                <!-- ngSwitchWhen: false --><span ng-switch-when="false" class="shelfProductStamp-leftTag" ng-click="gtmStaticTagClickPush()">
                    <img ng-show="::(product.ImageTag &amp;&amp; product.ImageTag.TagContent)" ng-src="" alt="" class="shelfProductStamp-leftTagImage ng-hide">
                </span><!-- end ngSwitchWhen: -->

            </div>

            <div class="shelfProductStamp-productName">
                <h3 class="shelfProductStamp-productNameInner">
                    <!-- ngIf: ::canOpenDetail --><a ng-click="showProductDetail($event)" class="shelfProductStamp-productNameInnerDescription noVariants" ng-class="::{'noVariants': !hasVariants}" ng-href="/Shop/Search/Products?searchTerm=almonds&amp;name=woolworths-almonds-kernels&amp;productId=145039" ng-if="::canOpenDetail" aria-label="Woolworths Almonds Kernels per kg" title="Woolworths Almonds Kernels per kg" href="/Shop/Search/Products?searchTerm=almonds&amp;name=woolworths-almonds-kernels&amp;productId=145039">
                        <!-- ngIf: !displaySmallFormatVersion() && !isdetail && hasVariants -->
                        <!-- ngIf: displaySmallFormatVersion() || isdetail || !hasVariants --><span class="shelfProductStamp-productDetailsLink" ng-if="displaySmallFormatVersion() || isdetail || !hasVariants" ng-bind-html="::(product.SmallFormatDescription | sanitize)">Woolworths Almonds Kernels</span><!-- end ngIf: displaySmallFormatVersion() || isdetail || !hasVariants -->
                        <br>
                        <!-- ngIf: displaySmallFormatVersion() || isdetail || !hasVariants --><span class="shelfProductStamp-productDetailsPackageSize" ng-if="displaySmallFormatVersion() || isdetail || !hasVariants"> per kg</span><!-- end ngIf: displaySmallFormatVersion() || isdetail || !hasVariants -->
                    </a><!-- end ngIf: ::canOpenDetail -->
                    <!-- ngIf: ::!canOpenDetail -->
                </h3>

                <!-- ngIf: ::hasVariants -->
            </div>
            <div class="shelfProductStamp-centerProductTagContainer">
                <!-- ngIf: ::showCenterTag -->
            </div>
            <div class="shelfProductStamp-header u-ngFade">
                <wow-saved-list-product-stamp-ctrl product="::product" isdetail="isdetail"><div class="shelfProductStamp-savedLists cardViewCompactSavedToList" ng-class="{'cardViewCompactSavedToList': !isdetail}">
    <div class="shelfProductStamp-savedLists-saveToListContainer" ng-show="!isListEditMode()">
        <a href="javascript:;" ng-show="saveToListStateDefault()" ng-click="saveToDefaultList()" class="saveToList-link _saveToDefaultList saveToList-link-text saveToList-link-default">
            Save <span class="sr-only">Woolworths Almonds Kernels</span> to list<i class="icon-savetolist saveToList-icon-list"></i>
        </a>

        <div ng-show="saveToListStateSavedToList()" class="saveToList-link-saved saveToList-link-text ng-hide">
            Saved <span class="sr-only">Woolworths Almonds Kernels</span> to <a class="saveToList-link-text-link _saveToListLink" href="javascript:;" ng-click="toggleSavedListsDropdown()"></a>
            <i class="icon-tick saveToList-icon-tick"></i>
        </div>

        <ul ng-show="showSavedListsDropdown()" class="saveToList-listSelection-items saveToList-listSelection ng-hide">
            <!-- ngRepeat: list in savedListsSelection -->
        </ul>
    </div>

    <a href="javascript:;" class="shelfProductStamp-savedLists-editModeRemoveIconContainer ng-hide" ng-show="isListEditMode() &amp;&amp; !isdetail" ng-click="deleteListItem()">
        <span class="sr-only">Remove Woolworths Almonds Kernels from list</span><i class="removeIcon icon-close_x"></i>
    </a>
</div></wow-saved-list-product-stamp-ctrl>
            </div>

            <!-- ngIf: (showFooter || showCenterTag) -->

            <wow-shelf-product-pricing-container class="shelfProductStamp-pricingContainer" product="::product"><!-- ngIf: ::(!featuresEnabled) -->

<!-- ngIf: ::featuresEnabled --><div class="pricingContainer pricingContainer--grid u-ngFade noCenterTag" ng-class="::{'noCenterTag': !showCenterTag}" ng-if="::featuresEnabled">
    <!-- ngIf: ::(product.IsOnSpecial && !product.HideWasSavedPrice) -->
    <div class="pricingContainer-priceContainer">
        <span class="pricingContainer-priceAmount" ng-class="::specialClass">$26.89</span>
        <!-- ngIf: ::product.CupPrice --><span ng-if="::product.CupPrice" class="pricingContainer-priceCup">
            $26.89 / 1KG
        </span><!-- end ngIf: ::product.CupPrice -->
    </div>
</div><!-- end ngIf: ::featuresEnabled --></wow-shelf-product-pricing-container>

            <wow-trolley-controls class="u-ngFade" product="::product" use-trolley-quantity="true"><form role="form" ng-submit="addOrUpdate()" class="trolley-controls  _hideOnScroll ng-invalid ng-invalid-maxlength" ng-show="true">
    <!-- ngIf: trolleyControlMessage --><span class="sr-only" role="status" aria-live="polite" aria-atomic="true" ng-bind="message" message="selected quantity is 0.25kg." ng-if="trolleyControlMessage">selected quantity is 0.25kg.</span><!-- end ngIf: trolleyControlMessage -->

    <div role="group" aria-label="Woolworths Almonds Kernels">
        <button type="button" class="trolley-quantity-button trolley-quantity-decrement disabled" ng-click="decrement()" ng-class="{'disabled': isDecrementDisabled}">
            <span class="sr-only">Decrease  order amount by 0.25 kg</span><i class="icon-quantity_minus trolley-quantity-minus"></i>
        </button>
        <button type="button" class="trolley-quantity-button trolley-quantity-increment" ng-click="increment()" ng-class="{'disabled': isIncrementDisabled}">
            <span class="sr-only">Increase  order amount by 0.25 kg</span><i class="icon-quantity_plus trolley-quantity-plus"></i>
        </button>
        <label for="3460c3a1-2396-8446-03de-81c8750069b4">
            <span class="sr-only">Order quantity</span>
        </label>
        <input type="text" class="quantity-input ng-pristine ng-untouched kilograms disabled ng-invalid ng-invalid-maxlength" id="3460c3a1-2396-8446-03de-81c8750069b4" ng-class="{'kilograms disabled': isInKilograms}" ng-disabled="::isInKilograms" ng-model="::updateQuantity" ng-model-options="::{ getterSetter: true, updateOn: 'default blur', debounce: { default: 200, blur: 0 } }" ng-blur="::blur()" maxlength="5" disabled="disabled">
        <button type="submit" class="button button--primary add-to-trolley-button" ng-class="{'disabled': showDisabledState()}" ng-show="::showAddOrUpdate">
            <span class="_quantity-input-value">Add</span> <span class="sr-only">item to trolley</span>
        </button>
    </div>
</form>
<!-- ngIf: modalMessage --></wow-trolley-controls>

            <div class="trolley-controls _hideOnScroll ng-hide" ng-show="false">
                <div class="button button--comms shelfProductStamp-unAvailable">
                    Unavailable
                </div>
            </div>

        </div>

        <div class="shelfProductStamp-selectedPointer ng-hide" ng-class="::{'shelfProductStamp-selectedPointer--footerEnabled': product.IsFooterEnabled}" ng-show="selectedPointer()"></div>
    </div>
    <!-- ngIf: ::showFooter -->
</div></wow-shelf-product></span>

<div class="cardDetail-container ng-hide" ng-show="::card.isDetail">

    <a href="javascript:;" ng-click="cardCtrl.closeCardDetail()" class="cardDetail-close" oly-move-focus="">
        <i class="icon-close_x"></i><span class="sr-only">Close details</span></a>

    <div class="_cardDetail-content"></div>

</div></wow-card><!-- end ngRepeat: card in cards track by card.isotopeId --><wow-card ng-repeat="card in cards track by card.isotopeId" card="card" class="isotope-item card-directive" ng-class="::{'detail-wrapper': card.isDetail, 'isMoved' : card.isMoved}" data-isotope-order="20" id="5adaa64f-28f0-64e1-e9f1-874eb7e06779" tabindex="-1" oly-repeat-finished="onFinishRender()"><span class="_card"><wow-inspiration-card card="contentCard"><div class="inspirationCard card" ng-class="::{'has-homepage-small-image' : card.HomepageSmallImagePath}">

    <a ng-href="/Shop/ProductGroup/0212-dept-fresh-fruit-cashew-macadamia-mix" ng-click="::goToCard($event)" ng-attr-target="{{::card.PromoOpenInNewTab ? '_blank' : undefined}}" href="/Shop/ProductGroup/0212-dept-fresh-fruit-cashew-macadamia-mix">
        <img class="inspirationCard-imageLarge" ng-src="/Content/Cards/wk23-merch-cashewmacadamia-300x380.jpg" alt="" src="/Content/Cards/wk23-merch-cashewmacadamia-300x380.jpg">
        <img class="inspirationCard-imageSmall" ng-src="/Content/Cards/wk23-merch-cashewmacadamia-90x90.jpg" alt="" src="/Content/Cards/wk23-merch-cashewmacadamia-90x90.jpg">
        <!-- ngIf: ::card.HomepageSmallImagePath -->

        <div class="inspirationCard-textWrapper is-showing-image" ng-class="::{'is-showing-image': card.SmallImagePath}" ng-hide="::!(card.Name || card.Description || card.LinkText)">
            <h2 class="inspirationCard-name">
                <span class="inspirationCard-nameLink">
                    Cashew &amp; Macadamia Mix
                </span>
            </h2>

            <!-- ngIf: ::card.Description -->

            <span class="inspirationCard-link">
                Shop now
            </span>
        </div>

        <!-- ngIf: ::card.PromoOpenInNewTab -->
    </a>

    <div class="inspirationCard-selectedPointer ng-hide is-expanded" ng-class="{'is-expanded': selectedPointer}" ng-show="selectedPointer()"></div>
</div></wow-inspiration-card></span>

<div class="cardDetail-container ng-hide" ng-show="::card.isDetail">

    <a href="javascript:;" ng-click="cardCtrl.closeCardDetail()" class="cardDetail-close" oly-move-focus="">
        <i class="icon-close_x"></i><span class="sr-only">Close details</span></a>

    <div class="_cardDetail-content"></div>

</div></wow-card><!-- end ngRepeat: card in cards track by card.isotopeId --><wow-card ng-repeat="card in cards track by card.isotopeId" card="card" class="isotope-item card-directive" ng-class="::{'detail-wrapper': card.isDetail, 'isMoved' : card.isMoved}" data-isotope-order="30" id="be94780f-e4e0-b947-4579-22f7a33f68b0" tabindex="-1" oly-repeat-finished="onFinishRender()"><span class="_card"><wow-shelf-bundle bundle="bundle" initial-product="bundle.Products[0].Stockcode" flipped="flipped"><div class="flipper flipper--horizontal u-noOutline is-flipped" ng-transclude="" flipped="flipped" style="overflow: hidden;">
    <div class="flipper-side flipper-front u-noOutline" ng-transclude="" tabindex="-1">
        <!-- ngRepeat: product in ::bundle.Products --><wow-shelf-product product="::product" has-variants="::bundle.Products.length > 1" ng-repeat="product in ::bundle.Products" ng-show="product.Stockcode === selectedStockcode" class=""><div class="shelfProductStamp card u-noOutline shelfProductStamp--regular enable-center-product-tag" data-stockcode="726541" tabindex="-1" ng-class="{
         'shelfProductStamp--regular' : !isdetail,
         'is-largeFormat': forceLargeFormatView,
         'is-smallFormat': forceSmallFormatView,
         'md-responsive' : sfResponsiveSize.medium,
         'lg-responsive' : sfResponsiveSize.large,
         'sm-responsive' : sfResponsiveSize.small,
         'xs-responsive' : sfResponsiveSize.xSmall,
         'enable-center-product-tag' : !forceDisableCenterProductTag
     }">

    <div class="shelfProductStamp-mainContainer">

        <div class="shelfProductStamp-content row">
            <div class="shelfProductStamp-imageTagsContainer" ng-switch="::(!!product.ImageTag.TagLink)">
                <img ng-src="/Content/wowProductImages/medium/726541.JPG" alt="" class="shelfProductStamp-productImage u-noOutline u-cursor-pointer" ng-click="showProductDetail($event)" ng-class="::{'u-cursor-pointer': canOpenDetail}" src="/Content/wowProductImages/medium/726541.JPG">

                <!-- ngSwitchWhen: true -->
                <!-- ngSwitchWhen: false --><span ng-switch-when="false" class="shelfProductStamp-leftTag" ng-click="gtmStaticTagClickPush()">
                    <img ng-show="::(product.ImageTag &amp;&amp; product.ImageTag.TagContent)" ng-src="" alt="" class="shelfProductStamp-leftTagImage ng-hide">
                </span><!-- end ngSwitchWhen: -->

            </div>

            <div class="shelfProductStamp-productName">
                <h3 class="shelfProductStamp-productNameInner">
                    <!-- ngIf: ::canOpenDetail --><a ng-click="showProductDetail($event)" class="shelfProductStamp-productNameInnerDescription" ng-class="::{'noVariants': !hasVariants}" ng-href="/Shop/Search/Products?searchTerm=almonds&amp;name=woolworths-select-almonds-natural&amp;productId=726541" ng-if="::canOpenDetail" aria-label="Woolworths Select Almonds Natural 450g" title="Woolworths Select Almonds Natural 450g" href="/Shop/Search/Products?searchTerm=almonds&amp;name=woolworths-select-almonds-natural&amp;productId=726541">
                        <!-- ngIf: !displaySmallFormatVersion() && !isdetail && hasVariants --><span class="shelfProductStamp-productDetailsLink" ng-if="!displaySmallFormatVersion() &amp;&amp; !isdetail &amp;&amp; hasVariants" ng-bind-html="::(product.Description | sanitize)"> Woolworths Select Almonds<br>Natural 450g</span><!-- end ngIf: !displaySmallFormatVersion() && !isdetail && hasVariants -->
                        <!-- ngIf: displaySmallFormatVersion() || isdetail || !hasVariants -->
                        <br>
                        <!-- ngIf: displaySmallFormatVersion() || isdetail || !hasVariants -->
                    </a><!-- end ngIf: ::canOpenDetail -->
                    <!-- ngIf: ::!canOpenDetail -->
                </h3>

                <!-- ngIf: ::hasVariants --><a href="javascript://" class="shelfProductStamp-variantsLink _hideOnScroll" ng-if="::hasVariants" ng-click="gtmProductClickDataPush()" wow-flipper-toggle="">
                    <i class="icon-viewall shelfProductStamp-variantsIcon"></i> View All Sizes
                </a><!-- end ngIf: ::hasVariants -->
            </div>
            <div class="shelfProductStamp-centerProductTagContainer">
                <!-- ngIf: ::showCenterTag -->
            </div>
            <div class="shelfProductStamp-header u-ngFade">
                <wow-saved-list-product-stamp-ctrl product="::product" isdetail="isdetail"><div class="shelfProductStamp-savedLists cardViewCompactSavedToList" ng-class="{'cardViewCompactSavedToList': !isdetail}">
    <div class="shelfProductStamp-savedLists-saveToListContainer" ng-show="!isListEditMode()">
        <a href="javascript:;" ng-show="saveToListStateDefault()" ng-click="saveToDefaultList()" class="saveToList-link _saveToDefaultList saveToList-link-text saveToList-link-default">
            Save <span class="sr-only">Woolworths Select Almonds Natural</span> to list<i class="icon-savetolist saveToList-icon-list"></i>
        </a>

        <div ng-show="saveToListStateSavedToList()" class="saveToList-link-saved saveToList-link-text ng-hide">
            Saved <span class="sr-only">Woolworths Select Almonds Natural</span> to <a class="saveToList-link-text-link _saveToListLink" href="javascript:;" ng-click="toggleSavedListsDropdown()"></a>
            <i class="icon-tick saveToList-icon-tick"></i>
        </div>

        <ul ng-show="showSavedListsDropdown()" class="saveToList-listSelection-items saveToList-listSelection ng-hide">
            <!-- ngRepeat: list in savedListsSelection -->
        </ul>
    </div>

    <a href="javascript:;" class="shelfProductStamp-savedLists-editModeRemoveIconContainer ng-hide" ng-show="isListEditMode() &amp;&amp; !isdetail" ng-click="deleteListItem()">
        <span class="sr-only">Remove Woolworths Select Almonds Natural from list</span><i class="removeIcon icon-close_x"></i>
    </a>
</div></wow-saved-list-product-stamp-ctrl>
            </div>

            <!-- ngIf: (showFooter || showCenterTag) --><wow-shelf-product-footer ng-if="(showFooter || showCenterTag)" sr-only="true" product="::product" class=""><!-- ngIf: srOnly --><div class="sr-only" ng-if="srOnly">
    <wow-shelf-product-producttag sr-only="true" is-footer="false" product="::product"><!-- ngRepeat: tag in ::srOnlyTags --><!-- ngIf: ::srOnly --><div class="sr-only" ng-if="::srOnly" ng-repeat="tag in ::srOnlyTags">
    <!-- ngIf: ::tag.TagType === 'Text' -->
    <!-- ngIf: tag.TagType === 'Html' --><div ng-if="tag.TagType === 'Html'" ng-switch="enabledCenterProductTag &amp;&amp; tag.TagLink" class="">
        <!-- ngSwitchWhen: true -->
        <!-- ngSwitchWhen: false -->
    </div><!-- end ngIf: tag.TagType === 'Html' -->
</div><!-- end ngIf: ::srOnly --><!-- end ngRepeat: tag in ::srOnlyTags -->
<!-- ngIf: ::!srOnly --></wow-shelf-product-producttag>

    <!-- ngIf: product.ispmdelivery -->
    <!-- ngIf: product.IsForCollection && !product.IsForDelivery && product.IsFooterEnabled -->
    <!-- ngIf: product.IsForDelivery && !product.IsForCollection && product.IsFooterEnabled -->
</div><!-- end ngIf: srOnly -->

<!-- ngIf: !srOnly --></wow-shelf-product-footer><!-- end ngIf: (showFooter || showCenterTag) -->

            <wow-shelf-product-pricing-container class="shelfProductStamp-pricingContainer" product="::product"><!-- ngIf: ::(!featuresEnabled) -->

<!-- ngIf: ::featuresEnabled --><div class="pricingContainer pricingContainer--grid u-ngFade noCenterTag" ng-class="::{'noCenterTag': !showCenterTag}" ng-if="::featuresEnabled">
    <!-- ngIf: ::(product.IsOnSpecial && !product.HideWasSavedPrice) -->
    <div class="pricingContainer-priceContainer">
        <span class="pricingContainer-priceAmount" ng-class="::specialClass">$9.75</span>
        <!-- ngIf: ::product.CupPrice --><span ng-if="::product.CupPrice" class="pricingContainer-priceCup">
            $21.67 / 1KG
        </span><!-- end ngIf: ::product.CupPrice -->
    </div>
</div><!-- end ngIf: ::featuresEnabled --></wow-shelf-product-pricing-container>

            <wow-trolley-controls class="u-ngFade" product="::product" use-trolley-quantity="true"><form role="form" ng-submit="addOrUpdate()" class="trolley-controls  _hideOnScroll ng-valid-maxlength" ng-show="true">
    <!-- ngIf: trolleyControlMessage --><span class="sr-only" role="status" aria-live="polite" aria-atomic="true" ng-bind="message" message="selected quantity is 1." ng-if="trolleyControlMessage">selected quantity is 1.</span><!-- end ngIf: trolleyControlMessage -->

    <div role="group" aria-label="Woolworths Select Almonds Natural">
        <button type="button" class="trolley-quantity-button trolley-quantity-decrement disabled" ng-click="decrement()" ng-class="{'disabled': isDecrementDisabled}">
            <span class="sr-only">Decrease  order amount</span><i class="icon-quantity_minus trolley-quantity-minus"></i>
        </button>
        <button type="button" class="trolley-quantity-button trolley-quantity-increment" ng-click="increment()" ng-class="{'disabled': isIncrementDisabled}">
            <span class="sr-only">Increase  order amount</span><i class="icon-quantity_plus trolley-quantity-plus"></i>
        </button>
        <label for="76d00b4e-5034-b174-0de8-9a82f3afb9b3">
            <span class="sr-only">Order quantity</span>
        </label>
        <input type="text" class="quantity-input ng-pristine ng-untouched ng-valid ng-valid-maxlength" id="76d00b4e-5034-b174-0de8-9a82f3afb9b3" ng-class="{'kilograms disabled': isInKilograms}" ng-disabled="::isInKilograms" ng-model="::updateQuantity" ng-model-options="::{ getterSetter: true, updateOn: 'default blur', debounce: { default: 200, blur: 0 } }" ng-blur="::blur()" maxlength="5">
        <button type="submit" class="button button--primary add-to-trolley-button" ng-class="{'disabled': showDisabledState()}" ng-show="::showAddOrUpdate">
            <span class="_quantity-input-value">Add</span> <span class="sr-only">item to trolley</span>
        </button>
    </div>
</form>
<!-- ngIf: modalMessage --></wow-trolley-controls>

            <div class="trolley-controls _hideOnScroll ng-hide" ng-show="false">
                <div class="button button--comms shelfProductStamp-unAvailable">
                    Unavailable
                </div>
            </div>

        </div>

        <div class="shelfProductStamp-selectedPointer ng-hide shelfProductStamp-selectedPointer--footerEnabled" ng-class="::{'shelfProductStamp-selectedPointer--footerEnabled': product.IsFooterEnabled}" ng-show="selectedPointer()"></div>
    </div>
    <!-- ngIf: ::showFooter --><wow-shelf-product-footer ng-if="::showFooter" product="::product" class=""><!-- ngIf: srOnly -->

<!-- ngIf: !srOnly --><div class="shelfProductStampFooter" ng-if="!srOnly" aria-hidden="true">
    <div class="shelfProductStampFooter-inner">
        <wow-shelf-product-producttag sr-only="false" is-footer="true" with-icon="::product.IsPmDelivery" product="::product"><!-- ngRepeat: tag in ::srOnlyTags -->
<!-- ngIf: ::!srOnly --><div ng-if="::!srOnly" aria-hidden="true" ng-class="::{'shelfProductStampFooter-innerContainer': isFooter,'withIcon': withIcon, 'shelfProductStamp-centerProductTag' : !isFooter}" class="shelfProductStampFooter-innerContainer">
    <!-- ngIf: ::tag.TagType === 'Text' -->

    <!-- ngIf: ::tag.TagType === 'Html' --><div ng-if="::tag.TagType === 'Html'" ng-class="::{'shelfProductStampFooter-html' : isFooter, 'shelfProductStamp-centerProductTagHtml' : !isFooter}" class="shelfProductStampFooter-html">
        <!-- ngIf: enabledCenterProductTag && tag.TagLink -->
        <!-- ngIf: !enabledCenterProductTag || !tag.TagLink --><span ng-if="!enabledCenterProductTag || !tag.TagLink" ng-bind-html="::tag.displayContent" ng-click="htmlTagClick($event)" class="shelfProductStamp-centerProductTagHtmlInner"><div class="productTag-lowerpricealways" style="
height:46px;
position:absolute;
top:-2px;
left:0;
width:100%;
background:#F10000;
">


<img src="/Content/Content/LPA_footer_img2.png" width="166px" height="13px" alt="Lower Price Always" style="display:inline-block; margin-top:15px; margin-left:calc(50% - 83px);">

</div></span><!-- end ngIf: !enabledCenterProductTag || !tag.TagLink -->
    </div><!-- end ngIf: ::tag.TagType === 'Html' -->
</div><!-- end ngIf: ::!srOnly --></wow-shelf-product-producttag>

        <!-- ngIf: product.IsPmDelivery && product.IsFooterEnabled -->

        <!-- delivery or pickup icon, it is invisible suggested by business. -->
        <!--<div class="shelfProductStampFooter-iconContainer" ng-if="product.IsForCollection && !product.IsForDelivery && product.IsFooterEnabled">
            <img alt="{{pickupOnlyText}}" class="shelfProductStampFooter-lowerTagIcon" src="/images/ProductStamp/icon-click-and-collect.png" title="{{pickupOnlyText}}"/>
        </div>

        <div class="shelfProductStampFooter-iconContainer" ng-if="product.IsForDelivery && !product.IsForCollection && product.IsFooterEnabled">
            <img alt="{{deliveryOnlyText}}" class="shelfProductStampFooter-lowerTagIcon" src="/images/ProductStamp/icon-delivery.png" title="{{deliveryOnlyText}}"/>
        </div>-->
    </div>
</div><!-- end ngIf: !srOnly --></wow-shelf-product-footer><!-- end ngIf: ::showFooter -->
</div></wow-shelf-product><!-- end ngRepeat: product in ::bundle.Products --><wow-shelf-product product="::product" has-variants="::bundle.Products.length > 1" ng-repeat="product in ::bundle.Products" ng-show="product.Stockcode === selectedStockcode" class="ng-hide"><div class="shelfProductStamp card u-noOutline shelfProductStamp--regular enable-center-product-tag" data-stockcode="726282" tabindex="-1" ng-class="{
         'shelfProductStamp--regular' : !isdetail,
         'is-largeFormat': forceLargeFormatView,
         'is-smallFormat': forceSmallFormatView,
         'md-responsive' : sfResponsiveSize.medium,
         'lg-responsive' : sfResponsiveSize.large,
         'sm-responsive' : sfResponsiveSize.small,
         'xs-responsive' : sfResponsiveSize.xSmall,
         'enable-center-product-tag' : !forceDisableCenterProductTag
     }">

    <div class="shelfProductStamp-mainContainer">

        <div class="shelfProductStamp-content row">
            <div class="shelfProductStamp-imageTagsContainer" ng-switch="::(!!product.ImageTag.TagLink)">
                <img ng-src="/Content/wowProductImages/medium/726282.JPG" alt="" class="shelfProductStamp-productImage u-noOutline u-cursor-pointer" ng-click="showProductDetail($event)" ng-class="::{'u-cursor-pointer': canOpenDetail}" src="/Content/wowProductImages/medium/726282.JPG">

                <!-- ngSwitchWhen: true -->
                <!-- ngSwitchWhen: false --><span ng-switch-when="false" class="shelfProductStamp-leftTag" ng-click="gtmStaticTagClickPush()">
                    <img ng-show="::(product.ImageTag &amp;&amp; product.ImageTag.TagContent)" ng-src="/Content/PromotionTags/final-special.png" alt="On Special" class="shelfProductStamp-leftTagImage" src="/Content/PromotionTags/final-special.png">
                </span><!-- end ngSwitchWhen: -->

            </div>

            <div class="shelfProductStamp-productName">
                <h3 class="shelfProductStamp-productNameInner">
                    <!-- ngIf: ::canOpenDetail --><a ng-click="showProductDetail($event)" class="shelfProductStamp-productNameInnerDescription" ng-class="::{'noVariants': !hasVariants}" ng-href="/Shop/Search/Products?searchTerm=almonds&amp;name=woolworths-select-almonds-natural&amp;productId=726282" ng-if="::canOpenDetail" aria-label="Woolworths Select Almonds Natural 150g" title="Woolworths Select Almonds Natural 150g" href="/Shop/Search/Products?searchTerm=almonds&amp;name=woolworths-select-almonds-natural&amp;productId=726282">
                        <!-- ngIf: !displaySmallFormatVersion() && !isdetail && hasVariants --><span class="shelfProductStamp-productDetailsLink" ng-if="!displaySmallFormatVersion() &amp;&amp; !isdetail &amp;&amp; hasVariants" ng-bind-html="::(product.Description | sanitize)"> Woolworths Select Almonds<br>Natural 150g</span><!-- end ngIf: !displaySmallFormatVersion() && !isdetail && hasVariants -->
                        <!-- ngIf: displaySmallFormatVersion() || isdetail || !hasVariants -->
                        <br>
                        <!-- ngIf: displaySmallFormatVersion() || isdetail || !hasVariants -->
                    </a><!-- end ngIf: ::canOpenDetail -->
                    <!-- ngIf: ::!canOpenDetail -->
                </h3>

                <!-- ngIf: ::hasVariants --><a href="javascript://" class="shelfProductStamp-variantsLink _hideOnScroll" ng-if="::hasVariants" ng-click="gtmProductClickDataPush()" wow-flipper-toggle="">
                    <i class="icon-viewall shelfProductStamp-variantsIcon"></i> View All Sizes
                </a><!-- end ngIf: ::hasVariants -->
            </div>
            <div class="shelfProductStamp-centerProductTagContainer">
                <!-- ngIf: ::showCenterTag -->
            </div>
            <div class="shelfProductStamp-header u-ngFade">
                <wow-saved-list-product-stamp-ctrl product="::product" isdetail="isdetail"><div class="shelfProductStamp-savedLists cardViewCompactSavedToList" ng-class="{'cardViewCompactSavedToList': !isdetail}">
    <div class="shelfProductStamp-savedLists-saveToListContainer" ng-show="!isListEditMode()">
        <a href="javascript:;" ng-show="saveToListStateDefault()" ng-click="saveToDefaultList()" class="saveToList-link _saveToDefaultList saveToList-link-text saveToList-link-default">
            Save <span class="sr-only">Woolworths Select Almonds Natural</span> to list<i class="icon-savetolist saveToList-icon-list"></i>
        </a>

        <div ng-show="saveToListStateSavedToList()" class="saveToList-link-saved saveToList-link-text ng-hide">
            Saved <span class="sr-only">Woolworths Select Almonds Natural</span> to <a class="saveToList-link-text-link _saveToListLink" href="javascript:;" ng-click="toggleSavedListsDropdown()"></a>
            <i class="icon-tick saveToList-icon-tick"></i>
        </div>

        <ul ng-show="showSavedListsDropdown()" class="saveToList-listSelection-items saveToList-listSelection ng-hide">
            <!-- ngRepeat: list in savedListsSelection -->
        </ul>
    </div>

    <a href="javascript:;" class="shelfProductStamp-savedLists-editModeRemoveIconContainer ng-hide" ng-show="isListEditMode() &amp;&amp; !isdetail" ng-click="deleteListItem()">
        <span class="sr-only">Remove Woolworths Select Almonds Natural from list</span><i class="removeIcon icon-close_x"></i>
    </a>
</div></wow-saved-list-product-stamp-ctrl>
            </div>

            <!-- ngIf: (showFooter || showCenterTag) -->

            <wow-shelf-product-pricing-container class="shelfProductStamp-pricingContainer" product="::product"><!-- ngIf: ::(!featuresEnabled) -->

<!-- ngIf: ::featuresEnabled --><div class="pricingContainer pricingContainer--grid u-ngFade noCenterTag" ng-class="::{'noCenterTag': !showCenterTag}" ng-if="::featuresEnabled">
    <!-- ngIf: ::(product.IsOnSpecial && !product.HideWasSavedPrice) --><div class="pricingContainer-saveWrapper" ng-if="::(product.IsOnSpecial &amp;&amp; !product.HideWasSavedPrice)">
        <div class="pricingContainer-saveContainer">
            <span class="pricingContainer-saveHeading">SAVE</span>
            <span class="pricingContainer-savePrice">$0.51</span>
        </div>
    </div><!-- end ngIf: ::(product.IsOnSpecial && !product.HideWasSavedPrice) -->
    <div class="pricingContainer-priceContainer">
        <span class="pricingContainer-priceAmount u-special" ng-class="::specialClass">$3.99</span>
        <!-- ngIf: ::product.CupPrice --><span ng-if="::product.CupPrice" class="pricingContainer-priceCup">
            $26.60 / 1KG
        </span><!-- end ngIf: ::product.CupPrice -->
    </div>
</div><!-- end ngIf: ::featuresEnabled --></wow-shelf-product-pricing-container>

            <wow-trolley-controls class="u-ngFade" product="::product" use-trolley-quantity="true"><form role="form" ng-submit="addOrUpdate()" class="trolley-controls  _hideOnScroll ng-valid-maxlength" ng-show="true">
    <!-- ngIf: trolleyControlMessage --><span class="sr-only" role="status" aria-live="polite" aria-atomic="true" ng-bind="message" message="selected quantity is 1." ng-if="trolleyControlMessage">selected quantity is 1.</span><!-- end ngIf: trolleyControlMessage -->

    <div role="group" aria-label="Woolworths Select Almonds Natural">
        <button type="button" class="trolley-quantity-button trolley-quantity-decrement disabled" ng-click="decrement()" ng-class="{'disabled': isDecrementDisabled}">
            <span class="sr-only">Decrease  order amount</span><i class="icon-quantity_minus trolley-quantity-minus"></i>
        </button>
        <button type="button" class="trolley-quantity-button trolley-quantity-increment" ng-click="increment()" ng-class="{'disabled': isIncrementDisabled}">
            <span class="sr-only">Increase  order amount</span><i class="icon-quantity_plus trolley-quantity-plus"></i>
        </button>
        <label for="fff4e5ee-26ae-7206-ad38-dd6e68eb93e5">
            <span class="sr-only">Order quantity</span>
        </label>
        <input type="text" class="quantity-input ng-pristine ng-untouched ng-valid ng-valid-maxlength" id="fff4e5ee-26ae-7206-ad38-dd6e68eb93e5" ng-class="{'kilograms disabled': isInKilograms}" ng-disabled="::isInKilograms" ng-model="::updateQuantity" ng-model-options="::{ getterSetter: true, updateOn: 'default blur', debounce: { default: 200, blur: 0 } }" ng-blur="::blur()" maxlength="5">
        <button type="submit" class="button button--primary add-to-trolley-button" ng-class="{'disabled': showDisabledState()}" ng-show="::showAddOrUpdate">
            <span class="_quantity-input-value">Add</span> <span class="sr-only">item to trolley</span>
        </button>
    </div>
</form>
<!-- ngIf: modalMessage --></wow-trolley-controls>

            <div class="trolley-controls _hideOnScroll ng-hide" ng-show="false">
                <div class="button button--comms shelfProductStamp-unAvailable">
                    Unavailable
                </div>
            </div>

        </div>

        <div class="shelfProductStamp-selectedPointer ng-hide" ng-class="::{'shelfProductStamp-selectedPointer--footerEnabled': product.IsFooterEnabled}" ng-show="selectedPointer()"></div>
    </div>
    <!-- ngIf: ::showFooter -->
</div></wow-shelf-product><!-- end ngRepeat: product in ::bundle.Products -->
    </div>

    <div class="flipper-side flipper-back u-noOutline flipper-side--short" ng-transclude="" tabindex="-1">
        <!-- ngIf: ::(bundle.Products.length > 1) --><wow-shelf-variants ng-if="::(bundle.Products.length > 1)" bundle="::bundle" select-product="::selectStockcode(stockcode)" class=""><div class="productVariants productVariants--grid productVariants--2 clearfix card productVariants--columns" ng-class="{'productVariants--columns': isColumns}">
    <h2 class="productVariants-title" ng-bind-html="bundle.Name | sanitize"> Woolworths Select Natural<br>Almonds </h2>

    <ul class="productVariants-list">
        <!-- ngRepeat: product in ::bundle.Products | orderBy:'UnitWeightInGrams' --><li class="productVariants-item clearfix" ng-repeat="product in ::bundle.Products | orderBy:'UnitWeightInGrams'" ng-click="selectProduct({stockcode: product.Stockcode})">
            <wow-shelf-variant product="product" size="variantStampSize">&#65279;<a href="javascript://" class="productVariant productVariant--xlarge" ng-click="gtmProductClickDataPush()" wow-flipper-toggle="">
    <div class="productVariant-details">
        <div class="productVariant-variant">
            150g
        </div>

        <div class="productVariant-prices">
            <div class="productVariant-price u-special" ng-class="specialClass">
                $3.99
            </div>

            <div class="productVariant-cup" ng-show="product.HasCupPrice">
                $26.60 / 1KG
            </div>
        </div>
    </div>

    <div class="productVariant-thumbnail">
        <!-- ngIf: product.ImageTag.TagContent --><img ng-if="product.ImageTag.TagContent" ng-src="/Content/PromotionTags/final-special.png" alt="On Special" class="productVariant-specialTag" src="/Content/PromotionTags/final-special.png"><!-- end ngIf: product.ImageTag.TagContent -->

        <!-- ngIf: size != 'xsmall' --><img ng-if="size != 'xsmall'" ng-src="/Content/wowProductImages/small/726282.JPG" alt="Woolworths Select Almonds Natural" class="productVariant-image" src="/Content/wowProductImages/small/726282.JPG"><!-- end ngIf: size != 'xsmall' -->
    </div>
</a></wow-shelf-variant>
        </li><!-- end ngRepeat: product in ::bundle.Products | orderBy:'UnitWeightInGrams' --><li class="productVariants-item clearfix" ng-repeat="product in ::bundle.Products | orderBy:'UnitWeightInGrams'" ng-click="selectProduct({stockcode: product.Stockcode})">
            <wow-shelf-variant product="product" size="variantStampSize">&#65279;<a href="javascript://" class="productVariant productVariant--xlarge" ng-click="gtmProductClickDataPush()" wow-flipper-toggle="">
    <div class="productVariant-details">
        <div class="productVariant-variant">
            450g
        </div>

        <div class="productVariant-prices">
            <div class="productVariant-price" ng-class="specialClass">
                $9.75
            </div>

            <div class="productVariant-cup" ng-show="product.HasCupPrice">
                $21.67 / 1KG
            </div>
        </div>
    </div>

    <div class="productVariant-thumbnail">
        <!-- ngIf: product.ImageTag.TagContent -->

        <!-- ngIf: size != 'xsmall' --><img ng-if="size != 'xsmall'" ng-src="/Content/wowProductImages/small/726541.JPG" alt="Woolworths Select Almonds Natural" class="productVariant-image" src="/Content/wowProductImages/small/726541.JPG"><!-- end ngIf: size != 'xsmall' -->
    </div>
</a></wow-shelf-variant>
        </li><!-- end ngRepeat: product in ::bundle.Products | orderBy:'UnitWeightInGrams' -->
    </ul>
</div></wow-shelf-variants><!-- end ngIf: ::(bundle.Products.length > 1) -->
    </div>
</div></wow-shelf-bundle></span>

<div class="cardDetail-container ng-hide" ng-show="::card.isDetail">

    <a href="javascript:;" ng-click="cardCtrl.closeCardDetail()" class="cardDetail-close" oly-move-focus="">
        <i class="icon-close_x"></i><span class="sr-only">Close details</span></a>

    <div class="_cardDetail-content"></div>

</div></wow-card><!-- end ngRepeat: card in cards track by card.isotopeId --><wow-card ng-repeat="card in cards track by card.isotopeId" card="card" class="isotope-item card-directive" ng-class="::{'detail-wrapper': card.isDetail, 'isMoved' : card.isMoved}" data-isotope-order="40" id="4889bdab-556e-fd72-2a7c-6f024a8c6eb2" tabindex="-1" oly-repeat-finished="onFinishRender()"><span class="_card"><wow-shelf-product product="product"><div class="shelfProductStamp card u-noOutline shelfProductStamp--regular enable-center-product-tag" data-stockcode="726282" tabindex="-1" ng-class="{
         'shelfProductStamp--regular' : !isdetail,
         'is-largeFormat': forceLargeFormatView,
         'is-smallFormat': forceSmallFormatView,
         'md-responsive' : sfResponsiveSize.medium,
         'lg-responsive' : sfResponsiveSize.large,
         'sm-responsive' : sfResponsiveSize.small,
         'xs-responsive' : sfResponsiveSize.xSmall,
         'enable-center-product-tag' : !forceDisableCenterProductTag
     }">

    <div class="shelfProductStamp-mainContainer">

        <div class="shelfProductStamp-content row">
            <div class="shelfProductStamp-imageTagsContainer" ng-switch="::(!!product.ImageTag.TagLink)">
                <img ng-src="/Content/wowProductImages/medium/726282.JPG" alt="" class="shelfProductStamp-productImage u-noOutline u-cursor-pointer" ng-click="showProductDetail($event)" ng-class="::{'u-cursor-pointer': canOpenDetail}" src="/Content/wowProductImages/medium/726282.JPG">

                <!-- ngSwitchWhen: true -->
                <!-- ngSwitchWhen: false --><span ng-switch-when="false" class="shelfProductStamp-leftTag" ng-click="gtmStaticTagClickPush()">
                    <img ng-show="::(product.ImageTag &amp;&amp; product.ImageTag.TagContent)" ng-src="/Content/PromotionTags/final-special.png" alt="On Special" class="shelfProductStamp-leftTagImage" src="/Content/PromotionTags/final-special.png">
                </span><!-- end ngSwitchWhen: -->

            </div>

            <div class="shelfProductStamp-productName">
                <h3 class="shelfProductStamp-productNameInner">
                    <!-- ngIf: ::canOpenDetail --><a ng-click="showProductDetail($event)" class="shelfProductStamp-productNameInnerDescription noVariants" ng-class="::{'noVariants': !hasVariants}" ng-href="/Shop/Search/Products?searchTerm=almonds&amp;name=woolworths-select-almonds-natural&amp;productId=726282" ng-if="::canOpenDetail" aria-label="Woolworths Select Almonds Natural 150g" title="Woolworths Select Almonds Natural 150g" href="/Shop/Search/Products?searchTerm=almonds&amp;name=woolworths-select-almonds-natural&amp;productId=726282">
                        <!-- ngIf: !displaySmallFormatVersion() && !isdetail && hasVariants -->
                        <!-- ngIf: displaySmallFormatVersion() || isdetail || !hasVariants --><span class="shelfProductStamp-productDetailsLink" ng-if="displaySmallFormatVersion() || isdetail || !hasVariants" ng-bind-html="::(product.SmallFormatDescription | sanitize)">Woolworths Select Almonds Natural</span><!-- end ngIf: displaySmallFormatVersion() || isdetail || !hasVariants -->
                        <br>
                        <!-- ngIf: displaySmallFormatVersion() || isdetail || !hasVariants --><span class="shelfProductStamp-productDetailsPackageSize" ng-if="displaySmallFormatVersion() || isdetail || !hasVariants"> 150g</span><!-- end ngIf: displaySmallFormatVersion() || isdetail || !hasVariants -->
                    </a><!-- end ngIf: ::canOpenDetail -->
                    <!-- ngIf: ::!canOpenDetail -->
                </h3>

                <!-- ngIf: ::hasVariants -->
            </div>
            <div class="shelfProductStamp-centerProductTagContainer">
                <!-- ngIf: ::showCenterTag -->
            </div>
            <div class="shelfProductStamp-header u-ngFade">
                <wow-saved-list-product-stamp-ctrl product="::product" isdetail="isdetail"><div class="shelfProductStamp-savedLists cardViewCompactSavedToList" ng-class="{'cardViewCompactSavedToList': !isdetail}">
    <div class="shelfProductStamp-savedLists-saveToListContainer" ng-show="!isListEditMode()">
        <a href="javascript:;" ng-show="saveToListStateDefault()" ng-click="saveToDefaultList()" class="saveToList-link _saveToDefaultList saveToList-link-text saveToList-link-default">
            Save <span class="sr-only">Woolworths Select Almonds Natural</span> to list<i class="icon-savetolist saveToList-icon-list"></i>
        </a>

        <div ng-show="saveToListStateSavedToList()" class="saveToList-link-saved saveToList-link-text ng-hide">
            Saved <span class="sr-only">Woolworths Select Almonds Natural</span> to <a class="saveToList-link-text-link _saveToListLink" href="javascript:;" ng-click="toggleSavedListsDropdown()"></a>
            <i class="icon-tick saveToList-icon-tick"></i>
        </div>

        <ul ng-show="showSavedListsDropdown()" class="saveToList-listSelection-items saveToList-listSelection ng-hide">
            <!-- ngRepeat: list in savedListsSelection -->
        </ul>
    </div>

    <a href="javascript:;" class="shelfProductStamp-savedLists-editModeRemoveIconContainer ng-hide" ng-show="isListEditMode() &amp;&amp; !isdetail" ng-click="deleteListItem()">
        <span class="sr-only">Remove Woolworths Select Almonds Natural from list</span><i class="removeIcon icon-close_x"></i>
    </a>
</div></wow-saved-list-product-stamp-ctrl>
            </div>

            <!-- ngIf: (showFooter || showCenterTag) -->

            <wow-shelf-product-pricing-container class="shelfProductStamp-pricingContainer" product="::product"><!-- ngIf: ::(!featuresEnabled) -->

<!-- ngIf: ::featuresEnabled --><div class="pricingContainer pricingContainer--grid u-ngFade noCenterTag" ng-class="::{'noCenterTag': !showCenterTag}" ng-if="::featuresEnabled">
    <!-- ngIf: ::(product.IsOnSpecial && !product.HideWasSavedPrice) --><div class="pricingContainer-saveWrapper" ng-if="::(product.IsOnSpecial &amp;&amp; !product.HideWasSavedPrice)">
        <div class="pricingContainer-saveContainer">
            <span class="pricingContainer-saveHeading">SAVE</span>
            <span class="pricingContainer-savePrice">$0.51</span>
        </div>
    </div><!-- end ngIf: ::(product.IsOnSpecial && !product.HideWasSavedPrice) -->
    <div class="pricingContainer-priceContainer">
        <span class="pricingContainer-priceAmount u-special" ng-class="::specialClass">$3.99</span>
        <!-- ngIf: ::product.CupPrice --><span ng-if="::product.CupPrice" class="pricingContainer-priceCup">
            $26.60 / 1KG
        </span><!-- end ngIf: ::product.CupPrice -->
    </div>
</div><!-- end ngIf: ::featuresEnabled --></wow-shelf-product-pricing-container>

            <wow-trolley-controls class="u-ngFade" product="::product" use-trolley-quantity="true"><form role="form" ng-submit="addOrUpdate()" class="trolley-controls  _hideOnScroll ng-valid-maxlength" ng-show="true">
    <!-- ngIf: trolleyControlMessage --><span class="sr-only" role="status" aria-live="polite" aria-atomic="true" ng-bind="message" message="selected quantity is 1." ng-if="trolleyControlMessage">selected quantity is 1.</span><!-- end ngIf: trolleyControlMessage -->

    <div role="group" aria-label="Woolworths Select Almonds Natural">
        <button type="button" class="trolley-quantity-button trolley-quantity-decrement disabled" ng-click="decrement()" ng-class="{'disabled': isDecrementDisabled}">
            <span class="sr-only">Decrease  order amount</span><i class="icon-quantity_minus trolley-quantity-minus"></i>
        </button>
        <button type="button" class="trolley-quantity-button trolley-quantity-increment" ng-click="increment()" ng-class="{'disabled': isIncrementDisabled}">
            <span class="sr-only">Increase  order amount</span><i class="icon-quantity_plus trolley-quantity-plus"></i>
        </button>
        <label for="c3885184-5483-38b7-7fe2-ceb6b962acfa">
            <span class="sr-only">Order quantity</span>
        </label>
        <input type="text" class="quantity-input ng-pristine ng-untouched ng-valid ng-valid-maxlength" id="c3885184-5483-38b7-7fe2-ceb6b962acfa" ng-class="{'kilograms disabled': isInKilograms}" ng-disabled="::isInKilograms" ng-model="::updateQuantity" ng-model-options="::{ getterSetter: true, updateOn: 'default blur', debounce: { default: 200, blur: 0 } }" ng-blur="::blur()" maxlength="5">
        <button type="submit" class="button button--primary add-to-trolley-button" ng-class="{'disabled': showDisabledState()}" ng-show="::showAddOrUpdate">
            <span class="_quantity-input-value">Add</span> <span class="sr-only">item to trolley</span>
        </button>
    </div>
</form>
<!-- ngIf: modalMessage --></wow-trolley-controls>

            <div class="trolley-controls _hideOnScroll ng-hide" ng-show="false">
                <div class="button button--comms shelfProductStamp-unAvailable">
                    Unavailable
                </div>
            </div>

        </div>

        <div class="shelfProductStamp-selectedPointer ng-hide" ng-class="::{'shelfProductStamp-selectedPointer--footerEnabled': product.IsFooterEnabled}" ng-show="selectedPointer()"></div>
    </div>
    <!-- ngIf: ::showFooter -->
</div></wow-shelf-product></span>

<div class="cardDetail-container ng-hide" ng-show="::card.isDetail">

    <a href="javascript:;" ng-click="cardCtrl.closeCardDetail()" class="cardDetail-close" oly-move-focus="">
        <i class="icon-close_x"></i><span class="sr-only">Close details</span></a>

    <div class="_cardDetail-content"></div>

</div></wow-card><!-- end ngRepeat: card in cards track by card.isotopeId --><wow-card ng-repeat="card in cards track by card.isotopeId" card="card" class="isotope-item card-directive" ng-class="::{'detail-wrapper': card.isDetail, 'isMoved' : card.isMoved}" data-isotope-order="50" id="50fe5f98-b998-699c-3c17-38f027a809da" tabindex="-1" oly-repeat-finished="onFinishRender()"><span class="_card"><wow-shelf-product product="product"><div class="shelfProductStamp card u-noOutline shelfProductStamp--regular enable-center-product-tag" data-stockcode="727597" tabindex="-1" ng-class="{
         'shelfProductStamp--regular' : !isdetail,
         'is-largeFormat': forceLargeFormatView,
         'is-smallFormat': forceSmallFormatView,
         'md-responsive' : sfResponsiveSize.medium,
         'lg-responsive' : sfResponsiveSize.large,
         'sm-responsive' : sfResponsiveSize.small,
         'xs-responsive' : sfResponsiveSize.xSmall,
         'enable-center-product-tag' : !forceDisableCenterProductTag
     }">

    <div class="shelfProductStamp-mainContainer">

        <div class="shelfProductStamp-content row">
            <div class="shelfProductStamp-imageTagsContainer" ng-switch="::(!!product.ImageTag.TagLink)">
                <img ng-src="/Content/wowProductImages/medium/727597.JPG" alt="" class="shelfProductStamp-productImage u-noOutline u-cursor-pointer" ng-click="showProductDetail($event)" ng-class="::{'u-cursor-pointer': canOpenDetail}" src="/Content/wowProductImages/medium/727597.JPG">

                <!-- ngSwitchWhen: true -->
                <!-- ngSwitchWhen: false --><span ng-switch-when="false" class="shelfProductStamp-leftTag" ng-click="gtmStaticTagClickPush()">
                    <img ng-show="::(product.ImageTag &amp;&amp; product.ImageTag.TagContent)" ng-src="/Content/PromotionTags/final-special.png" alt="On Special" class="shelfProductStamp-leftTagImage" src="/Content/PromotionTags/final-special.png">
                </span><!-- end ngSwitchWhen: -->

            </div>

            <div class="shelfProductStamp-productName">
                <h3 class="shelfProductStamp-productNameInner">
                    <!-- ngIf: ::canOpenDetail --><a ng-click="showProductDetail($event)" class="shelfProductStamp-productNameInnerDescription noVariants" ng-class="::{'noVariants': !hasVariants}" ng-href="/Shop/Search/Products?searchTerm=almonds&amp;name=woolworths-select-almonds-dry-roasted&amp;productId=727597" ng-if="::canOpenDetail" aria-label="Woolworths Select Almonds Dry Roasted 200g" title="Woolworths Select Almonds Dry Roasted 200g" href="/Shop/Search/Products?searchTerm=almonds&amp;name=woolworths-select-almonds-dry-roasted&amp;productId=727597">
                        <!-- ngIf: !displaySmallFormatVersion() && !isdetail && hasVariants -->
                        <!-- ngIf: displaySmallFormatVersion() || isdetail || !hasVariants --><span class="shelfProductStamp-productDetailsLink" ng-if="displaySmallFormatVersion() || isdetail || !hasVariants" ng-bind-html="::(product.SmallFormatDescription | sanitize)">Woolworths Select Almonds Dry Roasted</span><!-- end ngIf: displaySmallFormatVersion() || isdetail || !hasVariants -->
                        <br>
                        <!-- ngIf: displaySmallFormatVersion() || isdetail || !hasVariants --><span class="shelfProductStamp-productDetailsPackageSize" ng-if="displaySmallFormatVersion() || isdetail || !hasVariants"> 200g</span><!-- end ngIf: displaySmallFormatVersion() || isdetail || !hasVariants -->
                    </a><!-- end ngIf: ::canOpenDetail -->
                    <!-- ngIf: ::!canOpenDetail -->
                </h3>

                <!-- ngIf: ::hasVariants -->
            </div>
            <div class="shelfProductStamp-centerProductTagContainer">
                <!-- ngIf: ::showCenterTag -->
            </div>
            <div class="shelfProductStamp-header u-ngFade">
                <wow-saved-list-product-stamp-ctrl product="::product" isdetail="isdetail"><div class="shelfProductStamp-savedLists cardViewCompactSavedToList" ng-class="{'cardViewCompactSavedToList': !isdetail}">
    <div class="shelfProductStamp-savedLists-saveToListContainer" ng-show="!isListEditMode()">
        <a href="javascript:;" ng-show="saveToListStateDefault()" ng-click="saveToDefaultList()" class="saveToList-link _saveToDefaultList saveToList-link-text saveToList-link-default">
            Save <span class="sr-only">Woolworths Select Almonds Dry Roasted</span> to list<i class="icon-savetolist saveToList-icon-list"></i>
        </a>

        <div ng-show="saveToListStateSavedToList()" class="saveToList-link-saved saveToList-link-text ng-hide">
            Saved <span class="sr-only">Woolworths Select Almonds Dry Roasted</span> to <a class="saveToList-link-text-link _saveToListLink" href="javascript:;" ng-click="toggleSavedListsDropdown()"></a>
            <i class="icon-tick saveToList-icon-tick"></i>
        </div>

        <ul ng-show="showSavedListsDropdown()" class="saveToList-listSelection-items saveToList-listSelection ng-hide">
            <!-- ngRepeat: list in savedListsSelection -->
        </ul>
    </div>

    <a href="javascript:;" class="shelfProductStamp-savedLists-editModeRemoveIconContainer ng-hide" ng-show="isListEditMode() &amp;&amp; !isdetail" ng-click="deleteListItem()">
        <span class="sr-only">Remove Woolworths Select Almonds Dry Roasted from list</span><i class="removeIcon icon-close_x"></i>
    </a>
</div></wow-saved-list-product-stamp-ctrl>
            </div>

            <!-- ngIf: (showFooter || showCenterTag) -->

            <wow-shelf-product-pricing-container class="shelfProductStamp-pricingContainer" product="::product"><!-- ngIf: ::(!featuresEnabled) -->

<!-- ngIf: ::featuresEnabled --><div class="pricingContainer pricingContainer--grid u-ngFade noCenterTag" ng-class="::{'noCenterTag': !showCenterTag}" ng-if="::featuresEnabled">
    <!-- ngIf: ::(product.IsOnSpecial && !product.HideWasSavedPrice) --><div class="pricingContainer-saveWrapper" ng-if="::(product.IsOnSpecial &amp;&amp; !product.HideWasSavedPrice)">
        <div class="pricingContainer-saveContainer">
            <span class="pricingContainer-saveHeading">SAVE</span>
            <span class="pricingContainer-savePrice">$0.61</span>
        </div>
    </div><!-- end ngIf: ::(product.IsOnSpecial && !product.HideWasSavedPrice) -->
    <div class="pricingContainer-priceContainer">
        <span class="pricingContainer-priceAmount u-special" ng-class="::specialClass">$5.39</span>
        <!-- ngIf: ::product.CupPrice --><span ng-if="::product.CupPrice" class="pricingContainer-priceCup">
            $26.95 / 1KG
        </span><!-- end ngIf: ::product.CupPrice -->
    </div>
</div><!-- end ngIf: ::featuresEnabled --></wow-shelf-product-pricing-container>

            <wow-trolley-controls class="u-ngFade" product="::product" use-trolley-quantity="true"><form role="form" ng-submit="addOrUpdate()" class="trolley-controls  _hideOnScroll ng-valid-maxlength" ng-show="true">
    <!-- ngIf: trolleyControlMessage --><span class="sr-only" role="status" aria-live="polite" aria-atomic="true" ng-bind="message" message="selected quantity is 1." ng-if="trolleyControlMessage">selected quantity is 1.</span><!-- end ngIf: trolleyControlMessage -->

    <div role="group" aria-label="Woolworths Select Almonds Dry Roasted">
        <button type="button" class="trolley-quantity-button trolley-quantity-decrement disabled" ng-click="decrement()" ng-class="{'disabled': isDecrementDisabled}">
            <span class="sr-only">Decrease  order amount</span><i class="icon-quantity_minus trolley-quantity-minus"></i>
        </button>
        <button type="button" class="trolley-quantity-button trolley-quantity-increment" ng-click="increment()" ng-class="{'disabled': isIncrementDisabled}">
            <span class="sr-only">Increase  order amount</span><i class="icon-quantity_plus trolley-quantity-plus"></i>
        </button>
        <label for="e26c01fe-8d6f-203e-f58d-1974eb6610d4">
            <span class="sr-only">Order quantity</span>
        </label>
        <input type="text" class="quantity-input ng-pristine ng-untouched ng-valid ng-valid-maxlength" id="e26c01fe-8d6f-203e-f58d-1974eb6610d4" ng-class="{'kilograms disabled': isInKilograms}" ng-disabled="::isInKilograms" ng-model="::updateQuantity" ng-model-options="::{ getterSetter: true, updateOn: 'default blur', debounce: { default: 200, blur: 0 } }" ng-blur="::blur()" maxlength="5">
        <button type="submit" class="button button--primary add-to-trolley-button" ng-class="{'disabled': showDisabledState()}" ng-show="::showAddOrUpdate">
            <span class="_quantity-input-value">Add</span> <span class="sr-only">item to trolley</span>
        </button>
    </div>
</form>
<!-- ngIf: modalMessage --></wow-trolley-controls>

            <div class="trolley-controls _hideOnScroll ng-hide" ng-show="false">
                <div class="button button--comms shelfProductStamp-unAvailable">
                    Unavailable
                </div>
            </div>

        </div>

        <div class="shelfProductStamp-selectedPointer ng-hide" ng-class="::{'shelfProductStamp-selectedPointer--footerEnabled': product.IsFooterEnabled}" ng-show="selectedPointer()"></div>
    </div>
    <!-- ngIf: ::showFooter -->
</div></wow-shelf-product></span>

<div class="cardDetail-container ng-hide" ng-show="::card.isDetail">

    <a href="javascript:;" ng-click="cardCtrl.closeCardDetail()" class="cardDetail-close" oly-move-focus="">
        <i class="icon-close_x"></i><span class="sr-only">Close details</span></a>

    <div class="_cardDetail-content"></div>

</div></wow-card><!-- end ngRepeat: card in cards track by card.isotopeId --><wow-card ng-repeat="card in cards track by card.isotopeId" card="card" class="isotope-item card-directive" ng-class="::{'detail-wrapper': card.isDetail, 'isMoved' : card.isMoved}" data-isotope-order="60" id="e2951cbb-b8b0-8387-a0d1-63fd50f49c5a" tabindex="-1" oly-repeat-finished="onFinishRender()"><span class="_card"><wow-shelf-product product="product"><div class="shelfProductStamp card u-noOutline shelfProductStamp--regular enable-center-product-tag" data-stockcode="728225" tabindex="-1" ng-class="{
         'shelfProductStamp--regular' : !isdetail,
         'is-largeFormat': forceLargeFormatView,
         'is-smallFormat': forceSmallFormatView,
         'md-responsive' : sfResponsiveSize.medium,
         'lg-responsive' : sfResponsiveSize.large,
         'sm-responsive' : sfResponsiveSize.small,
         'xs-responsive' : sfResponsiveSize.xSmall,
         'enable-center-product-tag' : !forceDisableCenterProductTag
     }">

    <div class="shelfProductStamp-mainContainer">

        <div class="shelfProductStamp-content row">
            <div class="shelfProductStamp-imageTagsContainer" ng-switch="::(!!product.ImageTag.TagLink)">
                <img ng-src="/Content/wowProductImages/medium/728225.jpg" alt="" class="shelfProductStamp-productImage u-noOutline u-cursor-pointer" ng-click="showProductDetail($event)" ng-class="::{'u-cursor-pointer': canOpenDetail}" src="/Content/wowProductImages/medium/728225.jpg">

                <!-- ngSwitchWhen: true -->
                <!-- ngSwitchWhen: false --><span ng-switch-when="false" class="shelfProductStamp-leftTag" ng-click="gtmStaticTagClickPush()">
                    <img ng-show="::(product.ImageTag &amp;&amp; product.ImageTag.TagContent)" ng-src="" alt="" class="shelfProductStamp-leftTagImage ng-hide">
                </span><!-- end ngSwitchWhen: -->

            </div>

            <div class="shelfProductStamp-productName">
                <h3 class="shelfProductStamp-productNameInner">
                    <!-- ngIf: ::canOpenDetail --><a ng-click="showProductDetail($event)" class="shelfProductStamp-productNameInnerDescription noVariants" ng-class="::{'noVariants': !hasVariants}" ng-href="/Shop/Search/Products?searchTerm=almonds&amp;name=woolworths-select-almonds-french-vanilla&amp;productId=728225" ng-if="::canOpenDetail" aria-label="Woolworths Select Almonds French Vanilla 200g" title="Woolworths Select Almonds French Vanilla 200g" href="/Shop/Search/Products?searchTerm=almonds&amp;name=woolworths-select-almonds-french-vanilla&amp;productId=728225">
                        <!-- ngIf: !displaySmallFormatVersion() && !isdetail && hasVariants -->
                        <!-- ngIf: displaySmallFormatVersion() || isdetail || !hasVariants --><span class="shelfProductStamp-productDetailsLink" ng-if="displaySmallFormatVersion() || isdetail || !hasVariants" ng-bind-html="::(product.SmallFormatDescription | sanitize)">Woolworths Select Almonds French Vanilla</span><!-- end ngIf: displaySmallFormatVersion() || isdetail || !hasVariants -->
                        <br>
                        <!-- ngIf: displaySmallFormatVersion() || isdetail || !hasVariants --><span class="shelfProductStamp-productDetailsPackageSize" ng-if="displaySmallFormatVersion() || isdetail || !hasVariants"> 200g</span><!-- end ngIf: displaySmallFormatVersion() || isdetail || !hasVariants -->
                    </a><!-- end ngIf: ::canOpenDetail -->
                    <!-- ngIf: ::!canOpenDetail -->
                </h3>

                <!-- ngIf: ::hasVariants -->
            </div>
            <div class="shelfProductStamp-centerProductTagContainer">
                <!-- ngIf: ::showCenterTag -->
            </div>
            <div class="shelfProductStamp-header u-ngFade">
                <wow-saved-list-product-stamp-ctrl product="::product" isdetail="isdetail"><div class="shelfProductStamp-savedLists cardViewCompactSavedToList" ng-class="{'cardViewCompactSavedToList': !isdetail}">
    <div class="shelfProductStamp-savedLists-saveToListContainer" ng-show="!isListEditMode()">
        <a href="javascript:;" ng-show="saveToListStateDefault()" ng-click="saveToDefaultList()" class="saveToList-link _saveToDefaultList saveToList-link-text saveToList-link-default">
            Save <span class="sr-only">Woolworths Select Almonds French Vanilla</span> to list<i class="icon-savetolist saveToList-icon-list"></i>
        </a>

        <div ng-show="saveToListStateSavedToList()" class="saveToList-link-saved saveToList-link-text ng-hide">
            Saved <span class="sr-only">Woolworths Select Almonds French Vanilla</span> to <a class="saveToList-link-text-link _saveToListLink" href="javascript:;" ng-click="toggleSavedListsDropdown()"></a>
            <i class="icon-tick saveToList-icon-tick"></i>
        </div>

        <ul ng-show="showSavedListsDropdown()" class="saveToList-listSelection-items saveToList-listSelection ng-hide">
            <!-- ngRepeat: list in savedListsSelection -->
        </ul>
    </div>

    <a href="javascript:;" class="shelfProductStamp-savedLists-editModeRemoveIconContainer ng-hide" ng-show="isListEditMode() &amp;&amp; !isdetail" ng-click="deleteListItem()">
        <span class="sr-only">Remove Woolworths Select Almonds French Vanilla from list</span><i class="removeIcon icon-close_x"></i>
    </a>
</div></wow-saved-list-product-stamp-ctrl>
            </div>

            <!-- ngIf: (showFooter || showCenterTag) -->

            <wow-shelf-product-pricing-container class="shelfProductStamp-pricingContainer" product="::product"><!-- ngIf: ::(!featuresEnabled) -->

<!-- ngIf: ::featuresEnabled --><div class="pricingContainer pricingContainer--grid u-ngFade noCenterTag" ng-class="::{'noCenterTag': !showCenterTag}" ng-if="::featuresEnabled">
    <!-- ngIf: ::(product.IsOnSpecial && !product.HideWasSavedPrice) -->
    <div class="pricingContainer-priceContainer">
        <span class="pricingContainer-priceAmount" ng-class="::specialClass">$5.49</span>
        <!-- ngIf: ::product.CupPrice --><span ng-if="::product.CupPrice" class="pricingContainer-priceCup">
            $27.45 / 1KG
        </span><!-- end ngIf: ::product.CupPrice -->
    </div>
</div><!-- end ngIf: ::featuresEnabled --></wow-shelf-product-pricing-container>

            <wow-trolley-controls class="u-ngFade" product="::product" use-trolley-quantity="true"><form role="form" ng-submit="addOrUpdate()" class="trolley-controls  _hideOnScroll ng-valid-maxlength" ng-show="true">
    <!-- ngIf: trolleyControlMessage --><span class="sr-only" role="status" aria-live="polite" aria-atomic="true" ng-bind="message" message="selected quantity is 1." ng-if="trolleyControlMessage">selected quantity is 1.</span><!-- end ngIf: trolleyControlMessage -->

    <div role="group" aria-label="Woolworths Select Almonds French Vanilla">
        <button type="button" class="trolley-quantity-button trolley-quantity-decrement disabled" ng-click="decrement()" ng-class="{'disabled': isDecrementDisabled}">
            <span class="sr-only">Decrease  order amount</span><i class="icon-quantity_minus trolley-quantity-minus"></i>
        </button>
        <button type="button" class="trolley-quantity-button trolley-quantity-increment" ng-click="increment()" ng-class="{'disabled': isIncrementDisabled}">
            <span class="sr-only">Increase  order amount</span><i class="icon-quantity_plus trolley-quantity-plus"></i>
        </button>
        <label for="73dbaebb-5639-d290-f198-993dc8adb27e">
            <span class="sr-only">Order quantity</span>
        </label>
        <input type="text" class="quantity-input ng-pristine ng-untouched ng-valid ng-valid-maxlength" id="73dbaebb-5639-d290-f198-993dc8adb27e" ng-class="{'kilograms disabled': isInKilograms}" ng-disabled="::isInKilograms" ng-model="::updateQuantity" ng-model-options="::{ getterSetter: true, updateOn: 'default blur', debounce: { default: 200, blur: 0 } }" ng-blur="::blur()" maxlength="5">
        <button type="submit" class="button button--primary add-to-trolley-button" ng-class="{'disabled': showDisabledState()}" ng-show="::showAddOrUpdate">
            <span class="_quantity-input-value">Add</span> <span class="sr-only">item to trolley</span>
        </button>
    </div>
</form>
<!-- ngIf: modalMessage --></wow-trolley-controls>

            <div class="trolley-controls _hideOnScroll ng-hide" ng-show="false">
                <div class="button button--comms shelfProductStamp-unAvailable">
                    Unavailable
                </div>
            </div>

        </div>

        <div class="shelfProductStamp-selectedPointer ng-hide" ng-class="::{'shelfProductStamp-selectedPointer--footerEnabled': product.IsFooterEnabled}" ng-show="selectedPointer()"></div>
    </div>
    <!-- ngIf: ::showFooter -->
</div></wow-shelf-product></span>

<div class="cardDetail-container ng-hide" ng-show="::card.isDetail">

    <a href="javascript:;" ng-click="cardCtrl.closeCardDetail()" class="cardDetail-close" oly-move-focus="">
        <i class="icon-close_x"></i><span class="sr-only">Close details</span></a>

    <div class="_cardDetail-content"></div>

</div></wow-card><!-- end ngRepeat: card in cards track by card.isotopeId --><wow-card ng-repeat="card in cards track by card.isotopeId" card="card" class="isotope-item card-directive" ng-class="::{'detail-wrapper': card.isDetail, 'isMoved' : card.isMoved}" data-isotope-order="70" id="e0f1b891-3230-e367-ee10-e96fe93092d8" tabindex="-1" oly-repeat-finished="onFinishRender()"><span class="_card"><wow-shelf-product product="product"><div class="shelfProductStamp card u-noOutline shelfProductStamp--regular enable-center-product-tag" data-stockcode="763256" tabindex="-1" ng-class="{
         'shelfProductStamp--regular' : !isdetail,
         'is-largeFormat': forceLargeFormatView,
         'is-smallFormat': forceSmallFormatView,
         'md-responsive' : sfResponsiveSize.medium,
         'lg-responsive' : sfResponsiveSize.large,
         'sm-responsive' : sfResponsiveSize.small,
         'xs-responsive' : sfResponsiveSize.xSmall,
         'enable-center-product-tag' : !forceDisableCenterProductTag
     }">

    <div class="shelfProductStamp-mainContainer">

        <div class="shelfProductStamp-content row">
            <div class="shelfProductStamp-imageTagsContainer" ng-switch="::(!!product.ImageTag.TagLink)">
                <img ng-src="/Content/wowProductImages/medium/763256.jpg" alt="" class="shelfProductStamp-productImage u-noOutline u-cursor-pointer" ng-click="showProductDetail($event)" ng-class="::{'u-cursor-pointer': canOpenDetail}" src="/Content/wowProductImages/medium/763256.jpg">

                <!-- ngSwitchWhen: true -->
                <!-- ngSwitchWhen: false --><span ng-switch-when="false" class="shelfProductStamp-leftTag" ng-click="gtmStaticTagClickPush()">
                    <img ng-show="::(product.ImageTag &amp;&amp; product.ImageTag.TagContent)" ng-src="" alt="" class="shelfProductStamp-leftTagImage ng-hide">
                </span><!-- end ngSwitchWhen: -->

            </div>

            <div class="shelfProductStamp-productName">
                <h3 class="shelfProductStamp-productNameInner">
                    <!-- ngIf: ::canOpenDetail --><a ng-click="showProductDetail($event)" class="shelfProductStamp-productNameInnerDescription noVariants" ng-class="::{'noVariants': !hasVariants}" ng-href="/Shop/Search/Products?searchTerm=almonds&amp;name=woolworths-select-almonds-smoked-dry-roasted&amp;productId=763256" ng-if="::canOpenDetail" aria-label="Woolworths Select Almonds Smoked Dry Roasted 200g" title="Woolworths Select Almonds Smoked Dry Roasted 200g" href="/Shop/Search/Products?searchTerm=almonds&amp;name=woolworths-select-almonds-smoked-dry-roasted&amp;productId=763256">
                        <!-- ngIf: !displaySmallFormatVersion() && !isdetail && hasVariants -->
                        <!-- ngIf: displaySmallFormatVersion() || isdetail || !hasVariants --><span class="shelfProductStamp-productDetailsLink" ng-if="displaySmallFormatVersion() || isdetail || !hasVariants" ng-bind-html="::(product.SmallFormatDescription | sanitize)">Woolworths Select Almonds Smoked Dry Roasted</span><!-- end ngIf: displaySmallFormatVersion() || isdetail || !hasVariants -->
                        <br>
                        <!-- ngIf: displaySmallFormatVersion() || isdetail || !hasVariants --><span class="shelfProductStamp-productDetailsPackageSize" ng-if="displaySmallFormatVersion() || isdetail || !hasVariants"> 200g</span><!-- end ngIf: displaySmallFormatVersion() || isdetail || !hasVariants -->
                    </a><!-- end ngIf: ::canOpenDetail -->
                    <!-- ngIf: ::!canOpenDetail -->
                </h3>

                <!-- ngIf: ::hasVariants -->
            </div>
            <div class="shelfProductStamp-centerProductTagContainer">
                <!-- ngIf: ::showCenterTag -->
            </div>
            <div class="shelfProductStamp-header u-ngFade">
                <wow-saved-list-product-stamp-ctrl product="::product" isdetail="isdetail"><div class="shelfProductStamp-savedLists cardViewCompactSavedToList" ng-class="{'cardViewCompactSavedToList': !isdetail}">
    <div class="shelfProductStamp-savedLists-saveToListContainer" ng-show="!isListEditMode()">
        <a href="javascript:;" ng-show="saveToListStateDefault()" ng-click="saveToDefaultList()" class="saveToList-link _saveToDefaultList saveToList-link-text saveToList-link-default">
            Save <span class="sr-only">Woolworths Select Almonds Smoked Dry Roasted</span> to list<i class="icon-savetolist saveToList-icon-list"></i>
        </a>

        <div ng-show="saveToListStateSavedToList()" class="saveToList-link-saved saveToList-link-text ng-hide">
            Saved <span class="sr-only">Woolworths Select Almonds Smoked Dry Roasted</span> to <a class="saveToList-link-text-link _saveToListLink" href="javascript:;" ng-click="toggleSavedListsDropdown()"></a>
            <i class="icon-tick saveToList-icon-tick"></i>
        </div>

        <ul ng-show="showSavedListsDropdown()" class="saveToList-listSelection-items saveToList-listSelection ng-hide">
            <!-- ngRepeat: list in savedListsSelection -->
        </ul>
    </div>

    <a href="javascript:;" class="shelfProductStamp-savedLists-editModeRemoveIconContainer ng-hide" ng-show="isListEditMode() &amp;&amp; !isdetail" ng-click="deleteListItem()">
        <span class="sr-only">Remove Woolworths Select Almonds Smoked Dry Roasted from list</span><i class="removeIcon icon-close_x"></i>
    </a>
</div></wow-saved-list-product-stamp-ctrl>
            </div>

            <!-- ngIf: (showFooter || showCenterTag) -->

            <wow-shelf-product-pricing-container class="shelfProductStamp-pricingContainer" product="::product"><!-- ngIf: ::(!featuresEnabled) -->

<!-- ngIf: ::featuresEnabled --><div class="pricingContainer pricingContainer--grid u-ngFade noCenterTag" ng-class="::{'noCenterTag': !showCenterTag}" ng-if="::featuresEnabled">
    <!-- ngIf: ::(product.IsOnSpecial && !product.HideWasSavedPrice) -->
    <div class="pricingContainer-priceContainer">
        <span class="pricingContainer-priceAmount" ng-class="::specialClass">$5.99</span>
        <!-- ngIf: ::product.CupPrice --><span ng-if="::product.CupPrice" class="pricingContainer-priceCup">
            $29.95 / 1KG
        </span><!-- end ngIf: ::product.CupPrice -->
    </div>
</div><!-- end ngIf: ::featuresEnabled --></wow-shelf-product-pricing-container>

            <wow-trolley-controls class="u-ngFade" product="::product" use-trolley-quantity="true"><form role="form" ng-submit="addOrUpdate()" class="trolley-controls  _hideOnScroll ng-valid-maxlength" ng-show="true">
    <!-- ngIf: trolleyControlMessage --><span class="sr-only" role="status" aria-live="polite" aria-atomic="true" ng-bind="message" message="selected quantity is 1." ng-if="trolleyControlMessage">selected quantity is 1.</span><!-- end ngIf: trolleyControlMessage -->

    <div role="group" aria-label="Woolworths Select Almonds Smoked Dry Roasted">
        <button type="button" class="trolley-quantity-button trolley-quantity-decrement disabled" ng-click="decrement()" ng-class="{'disabled': isDecrementDisabled}">
            <span class="sr-only">Decrease  order amount</span><i class="icon-quantity_minus trolley-quantity-minus"></i>
        </button>
        <button type="button" class="trolley-quantity-button trolley-quantity-increment" ng-click="increment()" ng-class="{'disabled': isIncrementDisabled}">
            <span class="sr-only">Increase  order amount</span><i class="icon-quantity_plus trolley-quantity-plus"></i>
        </button>
        <label for="5d59a359-9fec-6c58-c9cf-6ec04e05029e">
            <span class="sr-only">Order quantity</span>
        </label>
        <input type="text" class="quantity-input ng-pristine ng-untouched ng-valid ng-valid-maxlength" id="5d59a359-9fec-6c58-c9cf-6ec04e05029e" ng-class="{'kilograms disabled': isInKilograms}" ng-disabled="::isInKilograms" ng-model="::updateQuantity" ng-model-options="::{ getterSetter: true, updateOn: 'default blur', debounce: { default: 200, blur: 0 } }" ng-blur="::blur()" maxlength="5">
        <button type="submit" class="button button--primary add-to-trolley-button" ng-class="{'disabled': showDisabledState()}" ng-show="::showAddOrUpdate">
            <span class="_quantity-input-value">Add</span> <span class="sr-only">item to trolley</span>
        </button>
    </div>
</form>
<!-- ngIf: modalMessage --></wow-trolley-controls>

            <div class="trolley-controls _hideOnScroll ng-hide" ng-show="false">
                <div class="button button--comms shelfProductStamp-unAvailable">
                    Unavailable
                </div>
            </div>

        </div>

        <div class="shelfProductStamp-selectedPointer ng-hide" ng-class="::{'shelfProductStamp-selectedPointer--footerEnabled': product.IsFooterEnabled}" ng-show="selectedPointer()"></div>
    </div>
    <!-- ngIf: ::showFooter -->
</div></wow-shelf-product></span>

<div class="cardDetail-container ng-hide" ng-show="::card.isDetail">

    <a href="javascript:;" ng-click="cardCtrl.closeCardDetail()" class="cardDetail-close" oly-move-focus="">
        <i class="icon-close_x"></i><span class="sr-only">Close details</span></a>

    <div class="_cardDetail-content"></div>

</div></wow-card><!-- end ngRepeat: card in cards track by card.isotopeId --><wow-card ng-repeat="card in cards track by card.isotopeId" card="card" class="isotope-item card-directive" ng-class="::{'detail-wrapper': card.isDetail, 'isMoved' : card.isMoved}" data-isotope-order="80" id="68f7cc88-2f50-6ca5-d9ea-bc6f8da52ebd" tabindex="-1" oly-repeat-finished="onFinishRender()"><span class="_card"><wow-shelf-product product="product"><div class="shelfProductStamp card u-noOutline shelfProductStamp--regular enable-center-product-tag" data-stockcode="780028" tabindex="-1" ng-class="{
         'shelfProductStamp--regular' : !isdetail,
         'is-largeFormat': forceLargeFormatView,
         'is-smallFormat': forceSmallFormatView,
         'md-responsive' : sfResponsiveSize.medium,
         'lg-responsive' : sfResponsiveSize.large,
         'sm-responsive' : sfResponsiveSize.small,
         'xs-responsive' : sfResponsiveSize.xSmall,
         'enable-center-product-tag' : !forceDisableCenterProductTag
     }">

    <div class="shelfProductStamp-mainContainer">

        <div class="shelfProductStamp-content row">
            <div class="shelfProductStamp-imageTagsContainer" ng-switch="::(!!product.ImageTag.TagLink)">
                <img ng-src="/Content/wowProductImages/medium/780028.JPG" alt="" class="shelfProductStamp-productImage u-noOutline u-cursor-pointer" ng-click="showProductDetail($event)" ng-class="::{'u-cursor-pointer': canOpenDetail}" src="/Content/wowProductImages/medium/780028.JPG">

                <!-- ngSwitchWhen: true -->
                <!-- ngSwitchWhen: false --><span ng-switch-when="false" class="shelfProductStamp-leftTag" ng-click="gtmStaticTagClickPush()">
                    <img ng-show="::(product.ImageTag &amp;&amp; product.ImageTag.TagContent)" ng-src="" alt="" class="shelfProductStamp-leftTagImage ng-hide">
                </span><!-- end ngSwitchWhen: -->

            </div>

            <div class="shelfProductStamp-productName">
                <h3 class="shelfProductStamp-productNameInner">
                    <!-- ngIf: ::canOpenDetail --><a ng-click="showProductDetail($event)" class="shelfProductStamp-productNameInnerDescription noVariants" ng-class="::{'noVariants': !hasVariants}" ng-href="/Shop/Search/Products?searchTerm=almonds&amp;name=blue-diamond-almonds-roasted-salted&amp;productId=780028" ng-if="::canOpenDetail" aria-label="Blue Diamond Almonds Roasted &amp; Salted 150g" title="Blue Diamond Almonds Roasted &amp; Salted 150g" href="/Shop/Search/Products?searchTerm=almonds&amp;name=blue-diamond-almonds-roasted-salted&amp;productId=780028">
                        <!-- ngIf: !displaySmallFormatVersion() && !isdetail && hasVariants -->
                        <!-- ngIf: displaySmallFormatVersion() || isdetail || !hasVariants --><span class="shelfProductStamp-productDetailsLink" ng-if="displaySmallFormatVersion() || isdetail || !hasVariants" ng-bind-html="::(product.SmallFormatDescription | sanitize)">Blue Diamond Almonds Roasted &amp; Salted</span><!-- end ngIf: displaySmallFormatVersion() || isdetail || !hasVariants -->
                        <br>
                        <!-- ngIf: displaySmallFormatVersion() || isdetail || !hasVariants --><span class="shelfProductStamp-productDetailsPackageSize" ng-if="displaySmallFormatVersion() || isdetail || !hasVariants"> 150g</span><!-- end ngIf: displaySmallFormatVersion() || isdetail || !hasVariants -->
                    </a><!-- end ngIf: ::canOpenDetail -->
                    <!-- ngIf: ::!canOpenDetail -->
                </h3>

                <!-- ngIf: ::hasVariants -->
            </div>
            <div class="shelfProductStamp-centerProductTagContainer">
                <!-- ngIf: ::showCenterTag -->
            </div>
            <div class="shelfProductStamp-header u-ngFade">
                <wow-saved-list-product-stamp-ctrl product="::product" isdetail="isdetail"><div class="shelfProductStamp-savedLists cardViewCompactSavedToList" ng-class="{'cardViewCompactSavedToList': !isdetail}">
    <div class="shelfProductStamp-savedLists-saveToListContainer" ng-show="!isListEditMode()">
        <a href="javascript:;" ng-show="saveToListStateDefault()" ng-click="saveToDefaultList()" class="saveToList-link _saveToDefaultList saveToList-link-text saveToList-link-default">
            Save <span class="sr-only">Blue Diamond Almonds Roasted &amp; Salted</span> to list<i class="icon-savetolist saveToList-icon-list"></i>
        </a>

        <div ng-show="saveToListStateSavedToList()" class="saveToList-link-saved saveToList-link-text ng-hide">
            Saved <span class="sr-only">Blue Diamond Almonds Roasted &amp; Salted</span> to <a class="saveToList-link-text-link _saveToListLink" href="javascript:;" ng-click="toggleSavedListsDropdown()"></a>
            <i class="icon-tick saveToList-icon-tick"></i>
        </div>

        <ul ng-show="showSavedListsDropdown()" class="saveToList-listSelection-items saveToList-listSelection ng-hide">
            <!-- ngRepeat: list in savedListsSelection -->
        </ul>
    </div>

    <a href="javascript:;" class="shelfProductStamp-savedLists-editModeRemoveIconContainer ng-hide" ng-show="isListEditMode() &amp;&amp; !isdetail" ng-click="deleteListItem()">
        <span class="sr-only">Remove Blue Diamond Almonds Roasted &amp; Salted from list</span><i class="removeIcon icon-close_x"></i>
    </a>
</div></wow-saved-list-product-stamp-ctrl>
            </div>

            <!-- ngIf: (showFooter || showCenterTag) -->

            <wow-shelf-product-pricing-container class="shelfProductStamp-pricingContainer" product="::product"><!-- ngIf: ::(!featuresEnabled) -->

<!-- ngIf: ::featuresEnabled --><div class="pricingContainer pricingContainer--grid u-ngFade noCenterTag" ng-class="::{'noCenterTag': !showCenterTag}" ng-if="::featuresEnabled">
    <!-- ngIf: ::(product.IsOnSpecial && !product.HideWasSavedPrice) -->
    <div class="pricingContainer-priceContainer">
        <span class="pricingContainer-priceAmount" ng-class="::specialClass">$5.99</span>
        <!-- ngIf: ::product.CupPrice --><span ng-if="::product.CupPrice" class="pricingContainer-priceCup">
            $39.93 / 1KG
        </span><!-- end ngIf: ::product.CupPrice -->
    </div>
</div><!-- end ngIf: ::featuresEnabled --></wow-shelf-product-pricing-container>

            <wow-trolley-controls class="u-ngFade" product="::product" use-trolley-quantity="true"><form role="form" ng-submit="addOrUpdate()" class="trolley-controls  _hideOnScroll ng-valid-maxlength" ng-show="true">
    <!-- ngIf: trolleyControlMessage --><span class="sr-only" role="status" aria-live="polite" aria-atomic="true" ng-bind="message" message="selected quantity is 1." ng-if="trolleyControlMessage">selected quantity is 1.</span><!-- end ngIf: trolleyControlMessage -->

    <div role="group" aria-label="Blue Diamond Almonds Roasted &amp; Salted">
        <button type="button" class="trolley-quantity-button trolley-quantity-decrement disabled" ng-click="decrement()" ng-class="{'disabled': isDecrementDisabled}">
            <span class="sr-only">Decrease  order amount</span><i class="icon-quantity_minus trolley-quantity-minus"></i>
        </button>
        <button type="button" class="trolley-quantity-button trolley-quantity-increment" ng-click="increment()" ng-class="{'disabled': isIncrementDisabled}">
            <span class="sr-only">Increase  order amount</span><i class="icon-quantity_plus trolley-quantity-plus"></i>
        </button>
        <label for="695b27d2-a538-5904-852c-59652c097a76">
            <span class="sr-only">Order quantity</span>
        </label>
        <input type="text" class="quantity-input ng-pristine ng-untouched ng-valid ng-valid-maxlength" id="695b27d2-a538-5904-852c-59652c097a76" ng-class="{'kilograms disabled': isInKilograms}" ng-disabled="::isInKilograms" ng-model="::updateQuantity" ng-model-options="::{ getterSetter: true, updateOn: 'default blur', debounce: { default: 200, blur: 0 } }" ng-blur="::blur()" maxlength="5">
        <button type="submit" class="button button--primary add-to-trolley-button" ng-class="{'disabled': showDisabledState()}" ng-show="::showAddOrUpdate">
            <span class="_quantity-input-value">Add</span> <span class="sr-only">item to trolley</span>
        </button>
    </div>
</form>
<!-- ngIf: modalMessage --></wow-trolley-controls>

            <div class="trolley-controls _hideOnScroll ng-hide" ng-show="false">
                <div class="button button--comms shelfProductStamp-unAvailable">
                    Unavailable
                </div>
            </div>

        </div>

        <div class="shelfProductStamp-selectedPointer ng-hide" ng-class="::{'shelfProductStamp-selectedPointer--footerEnabled': product.IsFooterEnabled}" ng-show="selectedPointer()"></div>
    </div>
    <!-- ngIf: ::showFooter -->
</div></wow-shelf-product></span>

<div class="cardDetail-container ng-hide" ng-show="::card.isDetail">

    <a href="javascript:;" ng-click="cardCtrl.closeCardDetail()" class="cardDetail-close" oly-move-focus="">
        <i class="icon-close_x"></i><span class="sr-only">Close details</span></a>

    <div class="_cardDetail-content"></div>

</div></wow-card><!-- end ngRepeat: card in cards track by card.isotopeId --><wow-card ng-repeat="card in cards track by card.isotopeId" card="card" class="isotope-item card-directive" ng-class="::{'detail-wrapper': card.isDetail, 'isMoved' : card.isMoved}" data-isotope-order="90" id="ea2e409f-7ebf-c1d9-c41c-215cb37c1075" tabindex="-1" oly-repeat-finished="onFinishRender()"><span class="_card"><wow-shelf-product product="product"><div class="shelfProductStamp card u-noOutline shelfProductStamp--regular enable-center-product-tag" data-stockcode="780029" tabindex="-1" ng-class="{
         'shelfProductStamp--regular' : !isdetail,
         'is-largeFormat': forceLargeFormatView,
         'is-smallFormat': forceSmallFormatView,
         'md-responsive' : sfResponsiveSize.medium,
         'lg-responsive' : sfResponsiveSize.large,
         'sm-responsive' : sfResponsiveSize.small,
         'xs-responsive' : sfResponsiveSize.xSmall,
         'enable-center-product-tag' : !forceDisableCenterProductTag
     }">

    <div class="shelfProductStamp-mainContainer">

        <div class="shelfProductStamp-content row">
            <div class="shelfProductStamp-imageTagsContainer" ng-switch="::(!!product.ImageTag.TagLink)">
                <img ng-src="/Content/wowProductImages/medium/780029.JPG" alt="" class="shelfProductStamp-productImage u-noOutline u-cursor-pointer" ng-click="showProductDetail($event)" ng-class="::{'u-cursor-pointer': canOpenDetail}" src="/Content/wowProductImages/medium/780029.JPG">

                <!-- ngSwitchWhen: true -->
                <!-- ngSwitchWhen: false --><span ng-switch-when="false" class="shelfProductStamp-leftTag" ng-click="gtmStaticTagClickPush()">
                    <img ng-show="::(product.ImageTag &amp;&amp; product.ImageTag.TagContent)" ng-src="" alt="" class="shelfProductStamp-leftTagImage ng-hide">
                </span><!-- end ngSwitchWhen: -->

            </div>

            <div class="shelfProductStamp-productName">
                <h3 class="shelfProductStamp-productNameInner">
                    <!-- ngIf: ::canOpenDetail --><a ng-click="showProductDetail($event)" class="shelfProductStamp-productNameInnerDescription noVariants" ng-class="::{'noVariants': !hasVariants}" ng-href="/Shop/Search/Products?searchTerm=almonds&amp;name=blue-diamond-almonds-honey-roasted&amp;productId=780029" ng-if="::canOpenDetail" aria-label="Blue Diamond Almonds Honey Roasted 150g" title="Blue Diamond Almonds Honey Roasted 150g" href="/Shop/Search/Products?searchTerm=almonds&amp;name=blue-diamond-almonds-honey-roasted&amp;productId=780029">
                        <!-- ngIf: !displaySmallFormatVersion() && !isdetail && hasVariants -->
                        <!-- ngIf: displaySmallFormatVersion() || isdetail || !hasVariants --><span class="shelfProductStamp-productDetailsLink" ng-if="displaySmallFormatVersion() || isdetail || !hasVariants" ng-bind-html="::(product.SmallFormatDescription | sanitize)">Blue Diamond Almonds Honey Roasted</span><!-- end ngIf: displaySmallFormatVersion() || isdetail || !hasVariants -->
                        <br>
                        <!-- ngIf: displaySmallFormatVersion() || isdetail || !hasVariants --><span class="shelfProductStamp-productDetailsPackageSize" ng-if="displaySmallFormatVersion() || isdetail || !hasVariants"> 150g</span><!-- end ngIf: displaySmallFormatVersion() || isdetail || !hasVariants -->
                    </a><!-- end ngIf: ::canOpenDetail -->
                    <!-- ngIf: ::!canOpenDetail -->
                </h3>

                <!-- ngIf: ::hasVariants -->
            </div>
            <div class="shelfProductStamp-centerProductTagContainer">
                <!-- ngIf: ::showCenterTag -->
            </div>
            <div class="shelfProductStamp-header u-ngFade">
                <wow-saved-list-product-stamp-ctrl product="::product" isdetail="isdetail"><div class="shelfProductStamp-savedLists cardViewCompactSavedToList" ng-class="{'cardViewCompactSavedToList': !isdetail}">
    <div class="shelfProductStamp-savedLists-saveToListContainer" ng-show="!isListEditMode()">
        <a href="javascript:;" ng-show="saveToListStateDefault()" ng-click="saveToDefaultList()" class="saveToList-link _saveToDefaultList saveToList-link-text saveToList-link-default">
            Save <span class="sr-only">Blue Diamond Almonds Honey Roasted</span> to list<i class="icon-savetolist saveToList-icon-list"></i>
        </a>

        <div ng-show="saveToListStateSavedToList()" class="saveToList-link-saved saveToList-link-text ng-hide">
            Saved <span class="sr-only">Blue Diamond Almonds Honey Roasted</span> to <a class="saveToList-link-text-link _saveToListLink" href="javascript:;" ng-click="toggleSavedListsDropdown()"></a>
            <i class="icon-tick saveToList-icon-tick"></i>
        </div>

        <ul ng-show="showSavedListsDropdown()" class="saveToList-listSelection-items saveToList-listSelection ng-hide">
            <!-- ngRepeat: list in savedListsSelection -->
        </ul>
    </div>

    <a href="javascript:;" class="shelfProductStamp-savedLists-editModeRemoveIconContainer ng-hide" ng-show="isListEditMode() &amp;&amp; !isdetail" ng-click="deleteListItem()">
        <span class="sr-only">Remove Blue Diamond Almonds Honey Roasted from list</span><i class="removeIcon icon-close_x"></i>
    </a>
</div></wow-saved-list-product-stamp-ctrl>
            </div>

            <!-- ngIf: (showFooter || showCenterTag) -->

            <wow-shelf-product-pricing-container class="shelfProductStamp-pricingContainer" product="::product"><!-- ngIf: ::(!featuresEnabled) -->

<!-- ngIf: ::featuresEnabled --><div class="pricingContainer pricingContainer--grid u-ngFade noCenterTag" ng-class="::{'noCenterTag': !showCenterTag}" ng-if="::featuresEnabled">
    <!-- ngIf: ::(product.IsOnSpecial && !product.HideWasSavedPrice) -->
    <div class="pricingContainer-priceContainer">
        <span class="pricingContainer-priceAmount" ng-class="::specialClass">$5.99</span>
        <!-- ngIf: ::product.CupPrice --><span ng-if="::product.CupPrice" class="pricingContainer-priceCup">
            $39.93 / 1KG
        </span><!-- end ngIf: ::product.CupPrice -->
    </div>
</div><!-- end ngIf: ::featuresEnabled --></wow-shelf-product-pricing-container>

            <wow-trolley-controls class="u-ngFade" product="::product" use-trolley-quantity="true"><form role="form" ng-submit="addOrUpdate()" class="trolley-controls  _hideOnScroll ng-valid-maxlength" ng-show="true">
    <!-- ngIf: trolleyControlMessage --><span class="sr-only" role="status" aria-live="polite" aria-atomic="true" ng-bind="message" message="selected quantity is 1." ng-if="trolleyControlMessage">selected quantity is 1.</span><!-- end ngIf: trolleyControlMessage -->

    <div role="group" aria-label="Blue Diamond Almonds Honey Roasted">
        <button type="button" class="trolley-quantity-button trolley-quantity-decrement disabled" ng-click="decrement()" ng-class="{'disabled': isDecrementDisabled}">
            <span class="sr-only">Decrease  order amount</span><i class="icon-quantity_minus trolley-quantity-minus"></i>
        </button>
        <button type="button" class="trolley-quantity-button trolley-quantity-increment" ng-click="increment()" ng-class="{'disabled': isIncrementDisabled}">
            <span class="sr-only">Increase  order amount</span><i class="icon-quantity_plus trolley-quantity-plus"></i>
        </button>
        <label for="eed1e57e-51d7-3385-97aa-b53857c9e039">
            <span class="sr-only">Order quantity</span>
        </label>
        <input type="text" class="quantity-input ng-pristine ng-untouched ng-valid ng-valid-maxlength" id="eed1e57e-51d7-3385-97aa-b53857c9e039" ng-class="{'kilograms disabled': isInKilograms}" ng-disabled="::isInKilograms" ng-model="::updateQuantity" ng-model-options="::{ getterSetter: true, updateOn: 'default blur', debounce: { default: 200, blur: 0 } }" ng-blur="::blur()" maxlength="5">
        <button type="submit" class="button button--primary add-to-trolley-button" ng-class="{'disabled': showDisabledState()}" ng-show="::showAddOrUpdate">
            <span class="_quantity-input-value">Add</span> <span class="sr-only">item to trolley</span>
        </button>
    </div>
</form>
<!-- ngIf: modalMessage --></wow-trolley-controls>

            <div class="trolley-controls _hideOnScroll ng-hide" ng-show="false">
                <div class="button button--comms shelfProductStamp-unAvailable">
                    Unavailable
                </div>
            </div>

        </div>

        <div class="shelfProductStamp-selectedPointer ng-hide" ng-class="::{'shelfProductStamp-selectedPointer--footerEnabled': product.IsFooterEnabled}" ng-show="selectedPointer()"></div>
    </div>
    <!-- ngIf: ::showFooter -->
</div></wow-shelf-product></span>

<div class="cardDetail-container ng-hide" ng-show="::card.isDetail">

    <a href="javascript:;" ng-click="cardCtrl.closeCardDetail()" class="cardDetail-close" oly-move-focus="">
        <i class="icon-close_x"></i><span class="sr-only">Close details</span></a>

    <div class="_cardDetail-content"></div>

</div></wow-card><!-- end ngRepeat: card in cards track by card.isotopeId --><wow-card ng-repeat="card in cards track by card.isotopeId" card="card" class="isotope-item card-directive" ng-class="::{'detail-wrapper': card.isDetail, 'isMoved' : card.isMoved}" data-isotope-order="100" id="41a7e449-1f6d-8da4-bd1d-576d92dda103" tabindex="-1" oly-repeat-finished="onFinishRender()"><span class="_card"><wow-shelf-product product="product"><div class="shelfProductStamp card u-noOutline shelfProductStamp--regular enable-center-product-tag" data-stockcode="780034" tabindex="-1" ng-class="{
         'shelfProductStamp--regular' : !isdetail,
         'is-largeFormat': forceLargeFormatView,
         'is-smallFormat': forceSmallFormatView,
         'md-responsive' : sfResponsiveSize.medium,
         'lg-responsive' : sfResponsiveSize.large,
         'sm-responsive' : sfResponsiveSize.small,
         'xs-responsive' : sfResponsiveSize.xSmall,
         'enable-center-product-tag' : !forceDisableCenterProductTag
     }">

    <div class="shelfProductStamp-mainContainer">

        <div class="shelfProductStamp-content row">
            <div class="shelfProductStamp-imageTagsContainer" ng-switch="::(!!product.ImageTag.TagLink)">
                <img ng-src="/Content/wowProductImages/medium/780034.JPG" alt="" class="shelfProductStamp-productImage u-noOutline u-cursor-pointer" ng-click="showProductDetail($event)" ng-class="::{'u-cursor-pointer': canOpenDetail}" src="/Content/wowProductImages/medium/780034.JPG">

                <!-- ngSwitchWhen: true -->
                <!-- ngSwitchWhen: false --><span ng-switch-when="false" class="shelfProductStamp-leftTag" ng-click="gtmStaticTagClickPush()">
                    <img ng-show="::(product.ImageTag &amp;&amp; product.ImageTag.TagContent)" ng-src="" alt="" class="shelfProductStamp-leftTagImage ng-hide">
                </span><!-- end ngSwitchWhen: -->

            </div>

            <div class="shelfProductStamp-productName">
                <h3 class="shelfProductStamp-productNameInner">
                    <!-- ngIf: ::canOpenDetail --><a ng-click="showProductDetail($event)" class="shelfProductStamp-productNameInnerDescription noVariants" ng-class="::{'noVariants': !hasVariants}" ng-href="/Shop/Search/Products?searchTerm=almonds&amp;name=blue-diamond-almonds-wasabi-soy&amp;productId=780034" ng-if="::canOpenDetail" aria-label="Blue Diamond Almonds Wasabi &amp; Soy 150g" title="Blue Diamond Almonds Wasabi &amp; Soy 150g" href="/Shop/Search/Products?searchTerm=almonds&amp;name=blue-diamond-almonds-wasabi-soy&amp;productId=780034">
                        <!-- ngIf: !displaySmallFormatVersion() && !isdetail && hasVariants -->
                        <!-- ngIf: displaySmallFormatVersion() || isdetail || !hasVariants --><span class="shelfProductStamp-productDetailsLink" ng-if="displaySmallFormatVersion() || isdetail || !hasVariants" ng-bind-html="::(product.SmallFormatDescription | sanitize)">Blue Diamond Almonds Wasabi &amp; Soy</span><!-- end ngIf: displaySmallFormatVersion() || isdetail || !hasVariants -->
                        <br>
                        <!-- ngIf: displaySmallFormatVersion() || isdetail || !hasVariants --><span class="shelfProductStamp-productDetailsPackageSize" ng-if="displaySmallFormatVersion() || isdetail || !hasVariants"> 150g</span><!-- end ngIf: displaySmallFormatVersion() || isdetail || !hasVariants -->
                    </a><!-- end ngIf: ::canOpenDetail -->
                    <!-- ngIf: ::!canOpenDetail -->
                </h3>

                <!-- ngIf: ::hasVariants -->
            </div>
            <div class="shelfProductStamp-centerProductTagContainer">
                <!-- ngIf: ::showCenterTag -->
            </div>
            <div class="shelfProductStamp-header u-ngFade">
                <wow-saved-list-product-stamp-ctrl product="::product" isdetail="isdetail"><div class="shelfProductStamp-savedLists cardViewCompactSavedToList" ng-class="{'cardViewCompactSavedToList': !isdetail}">
    <div class="shelfProductStamp-savedLists-saveToListContainer" ng-show="!isListEditMode()">
        <a href="javascript:;" ng-show="saveToListStateDefault()" ng-click="saveToDefaultList()" class="saveToList-link _saveToDefaultList saveToList-link-text saveToList-link-default">
            Save <span class="sr-only">Blue Diamond Almonds Wasabi &amp; Soy</span> to list<i class="icon-savetolist saveToList-icon-list"></i>
        </a>

        <div ng-show="saveToListStateSavedToList()" class="saveToList-link-saved saveToList-link-text ng-hide">
            Saved <span class="sr-only">Blue Diamond Almonds Wasabi &amp; Soy</span> to <a class="saveToList-link-text-link _saveToListLink" href="javascript:;" ng-click="toggleSavedListsDropdown()"></a>
            <i class="icon-tick saveToList-icon-tick"></i>
        </div>

        <ul ng-show="showSavedListsDropdown()" class="saveToList-listSelection-items saveToList-listSelection ng-hide">
            <!-- ngRepeat: list in savedListsSelection -->
        </ul>
    </div>

    <a href="javascript:;" class="shelfProductStamp-savedLists-editModeRemoveIconContainer ng-hide" ng-show="isListEditMode() &amp;&amp; !isdetail" ng-click="deleteListItem()">
        <span class="sr-only">Remove Blue Diamond Almonds Wasabi &amp; Soy from list</span><i class="removeIcon icon-close_x"></i>
    </a>
</div></wow-saved-list-product-stamp-ctrl>
            </div>

            <!-- ngIf: (showFooter || showCenterTag) -->

            <wow-shelf-product-pricing-container class="shelfProductStamp-pricingContainer" product="::product"><!-- ngIf: ::(!featuresEnabled) -->

<!-- ngIf: ::featuresEnabled --><div class="pricingContainer pricingContainer--grid u-ngFade noCenterTag" ng-class="::{'noCenterTag': !showCenterTag}" ng-if="::featuresEnabled">
    <!-- ngIf: ::(product.IsOnSpecial && !product.HideWasSavedPrice) -->
    <div class="pricingContainer-priceContainer">
        <span class="pricingContainer-priceAmount" ng-class="::specialClass">$5.99</span>
        <!-- ngIf: ::product.CupPrice --><span ng-if="::product.CupPrice" class="pricingContainer-priceCup">
            $39.93 / 1KG
        </span><!-- end ngIf: ::product.CupPrice -->
    </div>
</div><!-- end ngIf: ::featuresEnabled --></wow-shelf-product-pricing-container>

            <wow-trolley-controls class="u-ngFade" product="::product" use-trolley-quantity="true"><form role="form" ng-submit="addOrUpdate()" class="trolley-controls  _hideOnScroll ng-valid-maxlength" ng-show="true">
    <!-- ngIf: trolleyControlMessage --><span class="sr-only" role="status" aria-live="polite" aria-atomic="true" ng-bind="message" message="selected quantity is 1." ng-if="trolleyControlMessage">selected quantity is 1.</span><!-- end ngIf: trolleyControlMessage -->

    <div role="group" aria-label="Blue Diamond Almonds Wasabi &amp; Soy">
        <button type="button" class="trolley-quantity-button trolley-quantity-decrement disabled" ng-click="decrement()" ng-class="{'disabled': isDecrementDisabled}">
            <span class="sr-only">Decrease  order amount</span><i class="icon-quantity_minus trolley-quantity-minus"></i>
        </button>
        <button type="button" class="trolley-quantity-button trolley-quantity-increment" ng-click="increment()" ng-class="{'disabled': isIncrementDisabled}">
            <span class="sr-only">Increase  order amount</span><i class="icon-quantity_plus trolley-quantity-plus"></i>
        </button>
        <label for="06a4f028-2303-1f5c-ab2a-10ac60ff6c28">
            <span class="sr-only">Order quantity</span>
        </label>
        <input type="text" class="quantity-input ng-pristine ng-untouched ng-valid ng-valid-maxlength" id="06a4f028-2303-1f5c-ab2a-10ac60ff6c28" ng-class="{'kilograms disabled': isInKilograms}" ng-disabled="::isInKilograms" ng-model="::updateQuantity" ng-model-options="::{ getterSetter: true, updateOn: 'default blur', debounce: { default: 200, blur: 0 } }" ng-blur="::blur()" maxlength="5">
        <button type="submit" class="button button--primary add-to-trolley-button" ng-class="{'disabled': showDisabledState()}" ng-show="::showAddOrUpdate">
            <span class="_quantity-input-value">Add</span> <span class="sr-only">item to trolley</span>
        </button>
    </div>
</form>
<!-- ngIf: modalMessage --></wow-trolley-controls>

            <div class="trolley-controls _hideOnScroll ng-hide" ng-show="false">
                <div class="button button--comms shelfProductStamp-unAvailable">
                    Unavailable
                </div>
            </div>

        </div>

        <div class="shelfProductStamp-selectedPointer ng-hide" ng-class="::{'shelfProductStamp-selectedPointer--footerEnabled': product.IsFooterEnabled}" ng-show="selectedPointer()"></div>
    </div>
    <!-- ngIf: ::showFooter -->
</div></wow-shelf-product></span>

<div class="cardDetail-container ng-hide" ng-show="::card.isDetail">

    <a href="javascript:;" ng-click="cardCtrl.closeCardDetail()" class="cardDetail-close" oly-move-focus="">
        <i class="icon-close_x"></i><span class="sr-only">Close details</span></a>

    <div class="_cardDetail-content"></div>

</div></wow-card><!-- end ngRepeat: card in cards track by card.isotopeId --><wow-card ng-repeat="card in cards track by card.isotopeId" card="card" class="isotope-item card-directive" ng-class="::{'detail-wrapper': card.isDetail, 'isMoved' : card.isMoved}" data-isotope-order="110" id="29b17c5a-1624-7dae-9adb-8eadc6f04260" tabindex="-1" oly-repeat-finished="onFinishRender()"><span class="_card"><wow-shelf-bundle bundle="bundle" initial-product="bundle.Products[0].Stockcode" flipped="flipped"><div class="flipper flipper--horizontal u-noOutline is-flipped" ng-transclude="" flipped="flipped" style="overflow: hidden;">
    <div class="flipper-side flipper-front u-noOutline" ng-transclude="" tabindex="-1">
        <!-- ngRepeat: product in ::bundle.Products --><wow-shelf-product product="::product" has-variants="::bundle.Products.length > 1" ng-repeat="product in ::bundle.Products" ng-show="product.Stockcode === selectedStockcode" class=""><div class="shelfProductStamp card u-noOutline shelfProductStamp--regular enable-center-product-tag" data-stockcode="783082" tabindex="-1" ng-class="{
         'shelfProductStamp--regular' : !isdetail,
         'is-largeFormat': forceLargeFormatView,
         'is-smallFormat': forceSmallFormatView,
         'md-responsive' : sfResponsiveSize.medium,
         'lg-responsive' : sfResponsiveSize.large,
         'sm-responsive' : sfResponsiveSize.small,
         'xs-responsive' : sfResponsiveSize.xSmall,
         'enable-center-product-tag' : !forceDisableCenterProductTag
     }">

    <div class="shelfProductStamp-mainContainer">

        <div class="shelfProductStamp-content row">
            <div class="shelfProductStamp-imageTagsContainer" ng-switch="::(!!product.ImageTag.TagLink)">
                <img ng-src="/Content/wowProductImages/medium/783082.JPG" alt="" class="shelfProductStamp-productImage u-noOutline u-cursor-pointer" ng-click="showProductDetail($event)" ng-class="::{'u-cursor-pointer': canOpenDetail}" src="/Content/wowProductImages/medium/783082.JPG">

                <!-- ngSwitchWhen: true -->
                <!-- ngSwitchWhen: false --><span ng-switch-when="false" class="shelfProductStamp-leftTag" ng-click="gtmStaticTagClickPush()">
                    <img ng-show="::(product.ImageTag &amp;&amp; product.ImageTag.TagContent)" ng-src="" alt="" class="shelfProductStamp-leftTagImage ng-hide">
                </span><!-- end ngSwitchWhen: -->

            </div>

            <div class="shelfProductStamp-productName">
                <h3 class="shelfProductStamp-productNameInner">
                    <!-- ngIf: ::canOpenDetail --><a ng-click="showProductDetail($event)" class="shelfProductStamp-productNameInnerDescription" ng-class="::{'noVariants': !hasVariants}" ng-href="/Shop/Search/Products?searchTerm=almonds&amp;name=sunbeam-natural-almonds-value-pack&amp;productId=783082" ng-if="::canOpenDetail" aria-label="Sunbeam Natural Almonds Value Pack 450g" title="Sunbeam Natural Almonds Value Pack 450g" href="/Shop/Search/Products?searchTerm=almonds&amp;name=sunbeam-natural-almonds-value-pack&amp;productId=783082">
                        <!-- ngIf: !displaySmallFormatVersion() && !isdetail && hasVariants --><span class="shelfProductStamp-productDetailsLink" ng-if="!displaySmallFormatVersion() &amp;&amp; !isdetail &amp;&amp; hasVariants" ng-bind-html="::(product.Description | sanitize)"> Sunbeam Natural Almonds<br>Value Pack 450g</span><!-- end ngIf: !displaySmallFormatVersion() && !isdetail && hasVariants -->
                        <!-- ngIf: displaySmallFormatVersion() || isdetail || !hasVariants -->
                        <br>
                        <!-- ngIf: displaySmallFormatVersion() || isdetail || !hasVariants -->
                    </a><!-- end ngIf: ::canOpenDetail -->
                    <!-- ngIf: ::!canOpenDetail -->
                </h3>

                <!-- ngIf: ::hasVariants --><a href="javascript://" class="shelfProductStamp-variantsLink _hideOnScroll" ng-if="::hasVariants" ng-click="gtmProductClickDataPush()" wow-flipper-toggle="">
                    <i class="icon-viewall shelfProductStamp-variantsIcon"></i> View All Sizes
                </a><!-- end ngIf: ::hasVariants -->
            </div>
            <div class="shelfProductStamp-centerProductTagContainer">
                <!-- ngIf: ::showCenterTag -->
            </div>
            <div class="shelfProductStamp-header u-ngFade">
                <wow-saved-list-product-stamp-ctrl product="::product" isdetail="isdetail"><div class="shelfProductStamp-savedLists cardViewCompactSavedToList" ng-class="{'cardViewCompactSavedToList': !isdetail}">
    <div class="shelfProductStamp-savedLists-saveToListContainer" ng-show="!isListEditMode()">
        <a href="javascript:;" ng-show="saveToListStateDefault()" ng-click="saveToDefaultList()" class="saveToList-link _saveToDefaultList saveToList-link-text saveToList-link-default">
            Save <span class="sr-only">Sunbeam Natural Almonds Value Pack</span> to list<i class="icon-savetolist saveToList-icon-list"></i>
        </a>

        <div ng-show="saveToListStateSavedToList()" class="saveToList-link-saved saveToList-link-text ng-hide">
            Saved <span class="sr-only">Sunbeam Natural Almonds Value Pack</span> to <a class="saveToList-link-text-link _saveToListLink" href="javascript:;" ng-click="toggleSavedListsDropdown()"></a>
            <i class="icon-tick saveToList-icon-tick"></i>
        </div>

        <ul ng-show="showSavedListsDropdown()" class="saveToList-listSelection-items saveToList-listSelection ng-hide">
            <!-- ngRepeat: list in savedListsSelection -->
        </ul>
    </div>

    <a href="javascript:;" class="shelfProductStamp-savedLists-editModeRemoveIconContainer ng-hide" ng-show="isListEditMode() &amp;&amp; !isdetail" ng-click="deleteListItem()">
        <span class="sr-only">Remove Sunbeam Natural Almonds Value Pack from list</span><i class="removeIcon icon-close_x"></i>
    </a>
</div></wow-saved-list-product-stamp-ctrl>
            </div>

            <!-- ngIf: (showFooter || showCenterTag) -->

            <wow-shelf-product-pricing-container class="shelfProductStamp-pricingContainer" product="::product"><!-- ngIf: ::(!featuresEnabled) -->

<!-- ngIf: ::featuresEnabled --><div class="pricingContainer pricingContainer--grid u-ngFade noCenterTag" ng-class="::{'noCenterTag': !showCenterTag}" ng-if="::featuresEnabled">
    <!-- ngIf: ::(product.IsOnSpecial && !product.HideWasSavedPrice) -->
    <div class="pricingContainer-priceContainer">
        <span class="pricingContainer-priceAmount" ng-class="::specialClass">$10.75</span>
        <!-- ngIf: ::product.CupPrice --><span ng-if="::product.CupPrice" class="pricingContainer-priceCup">
            $23.89 / 1KG
        </span><!-- end ngIf: ::product.CupPrice -->
    </div>
</div><!-- end ngIf: ::featuresEnabled --></wow-shelf-product-pricing-container>

            <wow-trolley-controls class="u-ngFade" product="::product" use-trolley-quantity="true"><form role="form" ng-submit="addOrUpdate()" class="trolley-controls  _hideOnScroll ng-valid-maxlength" ng-show="true">
    <!-- ngIf: trolleyControlMessage --><span class="sr-only" role="status" aria-live="polite" aria-atomic="true" ng-bind="message" message="selected quantity is 1." ng-if="trolleyControlMessage">selected quantity is 1.</span><!-- end ngIf: trolleyControlMessage -->

    <div role="group" aria-label="Sunbeam Natural Almonds Value Pack">
        <button type="button" class="trolley-quantity-button trolley-quantity-decrement disabled" ng-click="decrement()" ng-class="{'disabled': isDecrementDisabled}">
            <span class="sr-only">Decrease  order amount</span><i class="icon-quantity_minus trolley-quantity-minus"></i>
        </button>
        <button type="button" class="trolley-quantity-button trolley-quantity-increment" ng-click="increment()" ng-class="{'disabled': isIncrementDisabled}">
            <span class="sr-only">Increase  order amount</span><i class="icon-quantity_plus trolley-quantity-plus"></i>
        </button>
        <label for="4743197a-6207-1004-14b0-0808a921b463">
            <span class="sr-only">Order quantity</span>
        </label>
        <input type="text" class="quantity-input ng-pristine ng-untouched ng-valid ng-valid-maxlength" id="4743197a-6207-1004-14b0-0808a921b463" ng-class="{'kilograms disabled': isInKilograms}" ng-disabled="::isInKilograms" ng-model="::updateQuantity" ng-model-options="::{ getterSetter: true, updateOn: 'default blur', debounce: { default: 200, blur: 0 } }" ng-blur="::blur()" maxlength="5">
        <button type="submit" class="button button--primary add-to-trolley-button" ng-class="{'disabled': showDisabledState()}" ng-show="::showAddOrUpdate">
            <span class="_quantity-input-value">Add</span> <span class="sr-only">item to trolley</span>
        </button>
    </div>
</form>
<!-- ngIf: modalMessage --></wow-trolley-controls>

            <div class="trolley-controls _hideOnScroll ng-hide" ng-show="false">
                <div class="button button--comms shelfProductStamp-unAvailable">
                    Unavailable
                </div>
            </div>

        </div>

        <div class="shelfProductStamp-selectedPointer ng-hide" ng-class="::{'shelfProductStamp-selectedPointer--footerEnabled': product.IsFooterEnabled}" ng-show="selectedPointer()"></div>
    </div>
    <!-- ngIf: ::showFooter -->
</div></wow-shelf-product><!-- end ngRepeat: product in ::bundle.Products --><wow-shelf-product product="::product" has-variants="::bundle.Products.length > 1" ng-repeat="product in ::bundle.Products" ng-show="product.Stockcode === selectedStockcode" class="ng-hide"><div class="shelfProductStamp card u-noOutline shelfProductStamp--regular enable-center-product-tag" data-stockcode="251062" tabindex="-1" ng-class="{
         'shelfProductStamp--regular' : !isdetail,
         'is-largeFormat': forceLargeFormatView,
         'is-smallFormat': forceSmallFormatView,
         'md-responsive' : sfResponsiveSize.medium,
         'lg-responsive' : sfResponsiveSize.large,
         'sm-responsive' : sfResponsiveSize.small,
         'xs-responsive' : sfResponsiveSize.xSmall,
         'enable-center-product-tag' : !forceDisableCenterProductTag
     }">

    <div class="shelfProductStamp-mainContainer">

        <div class="shelfProductStamp-content row">
            <div class="shelfProductStamp-imageTagsContainer" ng-switch="::(!!product.ImageTag.TagLink)">
                <img ng-src="/Content/wowProductImages/medium/251062.JPG" alt="" class="shelfProductStamp-productImage u-noOutline u-cursor-pointer" ng-click="showProductDetail($event)" ng-class="::{'u-cursor-pointer': canOpenDetail}" src="/Content/wowProductImages/medium/251062.JPG">

                <!-- ngSwitchWhen: true -->
                <!-- ngSwitchWhen: false --><span ng-switch-when="false" class="shelfProductStamp-leftTag" ng-click="gtmStaticTagClickPush()">
                    <img ng-show="::(product.ImageTag &amp;&amp; product.ImageTag.TagContent)" ng-src="/Content/PromotionTags/final-special.png" alt="On Special" class="shelfProductStamp-leftTagImage" src="/Content/PromotionTags/final-special.png">
                </span><!-- end ngSwitchWhen: -->

            </div>

            <div class="shelfProductStamp-productName">
                <h3 class="shelfProductStamp-productNameInner">
                    <!-- ngIf: ::canOpenDetail --><a ng-click="showProductDetail($event)" class="shelfProductStamp-productNameInnerDescription" ng-class="::{'noVariants': !hasVariants}" ng-href="/Shop/Search/Products?searchTerm=almonds&amp;name=sunbeam-natural-almonds&amp;productId=251062" ng-if="::canOpenDetail" aria-label="Sunbeam Natural Almonds  130g" title="Sunbeam Natural Almonds  130g" href="/Shop/Search/Products?searchTerm=almonds&amp;name=sunbeam-natural-almonds&amp;productId=251062">
                        <!-- ngIf: !displaySmallFormatVersion() && !isdetail && hasVariants --><span class="shelfProductStamp-productDetailsLink" ng-if="!displaySmallFormatVersion() &amp;&amp; !isdetail &amp;&amp; hasVariants" ng-bind-html="::(product.Description | sanitize)"> Sunbeam Natural Almonds  130g</span><!-- end ngIf: !displaySmallFormatVersion() && !isdetail && hasVariants -->
                        <!-- ngIf: displaySmallFormatVersion() || isdetail || !hasVariants -->
                        <br>
                        <!-- ngIf: displaySmallFormatVersion() || isdetail || !hasVariants -->
                    </a><!-- end ngIf: ::canOpenDetail -->
                    <!-- ngIf: ::!canOpenDetail -->
                </h3>

                <!-- ngIf: ::hasVariants --><a href="javascript://" class="shelfProductStamp-variantsLink _hideOnScroll" ng-if="::hasVariants" ng-click="gtmProductClickDataPush()" wow-flipper-toggle="">
                    <i class="icon-viewall shelfProductStamp-variantsIcon"></i> View All Sizes
                </a><!-- end ngIf: ::hasVariants -->
            </div>
            <div class="shelfProductStamp-centerProductTagContainer">
                <!-- ngIf: ::showCenterTag -->
            </div>
            <div class="shelfProductStamp-header u-ngFade">
                <wow-saved-list-product-stamp-ctrl product="::product" isdetail="isdetail"><div class="shelfProductStamp-savedLists cardViewCompactSavedToList" ng-class="{'cardViewCompactSavedToList': !isdetail}">
    <div class="shelfProductStamp-savedLists-saveToListContainer" ng-show="!isListEditMode()">
        <a href="javascript:;" ng-show="saveToListStateDefault()" ng-click="saveToDefaultList()" class="saveToList-link _saveToDefaultList saveToList-link-text saveToList-link-default">
            Save <span class="sr-only">Sunbeam Natural Almonds </span> to list<i class="icon-savetolist saveToList-icon-list"></i>
        </a>

        <div ng-show="saveToListStateSavedToList()" class="saveToList-link-saved saveToList-link-text ng-hide">
            Saved <span class="sr-only">Sunbeam Natural Almonds </span> to <a class="saveToList-link-text-link _saveToListLink" href="javascript:;" ng-click="toggleSavedListsDropdown()"></a>
            <i class="icon-tick saveToList-icon-tick"></i>
        </div>

        <ul ng-show="showSavedListsDropdown()" class="saveToList-listSelection-items saveToList-listSelection ng-hide">
            <!-- ngRepeat: list in savedListsSelection -->
        </ul>
    </div>

    <a href="javascript:;" class="shelfProductStamp-savedLists-editModeRemoveIconContainer ng-hide" ng-show="isListEditMode() &amp;&amp; !isdetail" ng-click="deleteListItem()">
        <span class="sr-only">Remove Sunbeam Natural Almonds  from list</span><i class="removeIcon icon-close_x"></i>
    </a>
</div></wow-saved-list-product-stamp-ctrl>
            </div>

            <!-- ngIf: (showFooter || showCenterTag) -->

            <wow-shelf-product-pricing-container class="shelfProductStamp-pricingContainer" product="::product"><!-- ngIf: ::(!featuresEnabled) -->

<!-- ngIf: ::featuresEnabled --><div class="pricingContainer pricingContainer--grid u-ngFade noCenterTag" ng-class="::{'noCenterTag': !showCenterTag}" ng-if="::featuresEnabled">
    <!-- ngIf: ::(product.IsOnSpecial && !product.HideWasSavedPrice) --><div class="pricingContainer-saveWrapper" ng-if="::(product.IsOnSpecial &amp;&amp; !product.HideWasSavedPrice)">
        <div class="pricingContainer-saveContainer">
            <span class="pricingContainer-saveHeading">SAVE</span>
            <span class="pricingContainer-savePrice">$1.00</span>
        </div>
    </div><!-- end ngIf: ::(product.IsOnSpecial && !product.HideWasSavedPrice) -->
    <div class="pricingContainer-priceContainer">
        <span class="pricingContainer-priceAmount u-special" ng-class="::specialClass">$4.00</span>
        <!-- ngIf: ::product.CupPrice --><span ng-if="::product.CupPrice" class="pricingContainer-priceCup">
            $30.77 / 1KG
        </span><!-- end ngIf: ::product.CupPrice -->
    </div>
</div><!-- end ngIf: ::featuresEnabled --></wow-shelf-product-pricing-container>

            <wow-trolley-controls class="u-ngFade" product="::product" use-trolley-quantity="true"><form role="form" ng-submit="addOrUpdate()" class="trolley-controls  _hideOnScroll ng-valid-maxlength" ng-show="true">
    <!-- ngIf: trolleyControlMessage --><span class="sr-only" role="status" aria-live="polite" aria-atomic="true" ng-bind="message" message="selected quantity is 1." ng-if="trolleyControlMessage">selected quantity is 1.</span><!-- end ngIf: trolleyControlMessage -->

    <div role="group" aria-label="Sunbeam Natural Almonds ">
        <button type="button" class="trolley-quantity-button trolley-quantity-decrement disabled" ng-click="decrement()" ng-class="{'disabled': isDecrementDisabled}">
            <span class="sr-only">Decrease  order amount</span><i class="icon-quantity_minus trolley-quantity-minus"></i>
        </button>
        <button type="button" class="trolley-quantity-button trolley-quantity-increment" ng-click="increment()" ng-class="{'disabled': isIncrementDisabled}">
            <span class="sr-only">Increase  order amount</span><i class="icon-quantity_plus trolley-quantity-plus"></i>
        </button>
        <label for="c311a8ee-dfee-7abd-a8d1-d192272d5cfe">
            <span class="sr-only">Order quantity</span>
        </label>
        <input type="text" class="quantity-input ng-pristine ng-untouched ng-valid ng-valid-maxlength" id="c311a8ee-dfee-7abd-a8d1-d192272d5cfe" ng-class="{'kilograms disabled': isInKilograms}" ng-disabled="::isInKilograms" ng-model="::updateQuantity" ng-model-options="::{ getterSetter: true, updateOn: 'default blur', debounce: { default: 200, blur: 0 } }" ng-blur="::blur()" maxlength="5">
        <button type="submit" class="button button--primary add-to-trolley-button" ng-class="{'disabled': showDisabledState()}" ng-show="::showAddOrUpdate">
            <span class="_quantity-input-value">Add</span> <span class="sr-only">item to trolley</span>
        </button>
    </div>
</form>
<!-- ngIf: modalMessage --></wow-trolley-controls>

            <div class="trolley-controls _hideOnScroll ng-hide" ng-show="false">
                <div class="button button--comms shelfProductStamp-unAvailable">
                    Unavailable
                </div>
            </div>

        </div>

        <div class="shelfProductStamp-selectedPointer ng-hide" ng-class="::{'shelfProductStamp-selectedPointer--footerEnabled': product.IsFooterEnabled}" ng-show="selectedPointer()"></div>
    </div>
    <!-- ngIf: ::showFooter -->
</div></wow-shelf-product><!-- end ngRepeat: product in ::bundle.Products -->
    </div>

    <div class="flipper-side flipper-back u-noOutline flipper-side--short" ng-transclude="" tabindex="-1">
        <!-- ngIf: ::(bundle.Products.length > 1) --><wow-shelf-variants ng-if="::(bundle.Products.length > 1)" bundle="::bundle" select-product="::selectStockcode(stockcode)" class=""><div class="productVariants productVariants--grid productVariants--2 clearfix card productVariants--columns" ng-class="{'productVariants--columns': isColumns}">
    <h2 class="productVariants-title" ng-bind-html="bundle.Name | sanitize"> Sunbeam Natural Almonds </h2>

    <ul class="productVariants-list">
        <!-- ngRepeat: product in ::bundle.Products | orderBy:'UnitWeightInGrams' --><li class="productVariants-item clearfix" ng-repeat="product in ::bundle.Products | orderBy:'UnitWeightInGrams'" ng-click="selectProduct({stockcode: product.Stockcode})">
            <wow-shelf-variant product="product" size="variantStampSize">&#65279;<a href="javascript://" class="productVariant productVariant--xlarge" ng-click="gtmProductClickDataPush()" wow-flipper-toggle="">
    <div class="productVariant-details">
        <div class="productVariant-variant">
            130g
        </div>

        <div class="productVariant-prices">
            <div class="productVariant-price u-special" ng-class="specialClass">
                $4.00
            </div>

            <div class="productVariant-cup" ng-show="product.HasCupPrice">
                $30.77 / 1KG
            </div>
        </div>
    </div>

    <div class="productVariant-thumbnail">
        <!-- ngIf: product.ImageTag.TagContent --><img ng-if="product.ImageTag.TagContent" ng-src="/Content/PromotionTags/final-special.png" alt="On Special" class="productVariant-specialTag" src="/Content/PromotionTags/final-special.png"><!-- end ngIf: product.ImageTag.TagContent -->

        <!-- ngIf: size != 'xsmall' --><img ng-if="size != 'xsmall'" ng-src="/Content/wowProductImages/small/251062.JPG" alt="Sunbeam Natural Almonds " class="productVariant-image" src="/Content/wowProductImages/small/251062.JPG"><!-- end ngIf: size != 'xsmall' -->
    </div>
</a></wow-shelf-variant>
        </li><!-- end ngRepeat: product in ::bundle.Products | orderBy:'UnitWeightInGrams' --><li class="productVariants-item clearfix" ng-repeat="product in ::bundle.Products | orderBy:'UnitWeightInGrams'" ng-click="selectProduct({stockcode: product.Stockcode})">
            <wow-shelf-variant product="product" size="variantStampSize">&#65279;<a href="javascript://" class="productVariant productVariant--xlarge" ng-click="gtmProductClickDataPush()" wow-flipper-toggle="">
    <div class="productVariant-details">
        <div class="productVariant-variant">
            450g
        </div>

        <div class="productVariant-prices">
            <div class="productVariant-price" ng-class="specialClass">
                $10.75
            </div>

            <div class="productVariant-cup" ng-show="product.HasCupPrice">
                $23.89 / 1KG
            </div>
        </div>
    </div>

    <div class="productVariant-thumbnail">
        <!-- ngIf: product.ImageTag.TagContent -->

        <!-- ngIf: size != 'xsmall' --><img ng-if="size != 'xsmall'" ng-src="/Content/wowProductImages/small/783082.JPG" alt="Sunbeam Natural Almonds Value Pack" class="productVariant-image" src="/Content/wowProductImages/small/783082.JPG"><!-- end ngIf: size != 'xsmall' -->
    </div>
</a></wow-shelf-variant>
        </li><!-- end ngRepeat: product in ::bundle.Products | orderBy:'UnitWeightInGrams' -->
    </ul>
</div></wow-shelf-variants><!-- end ngIf: ::(bundle.Products.length > 1) -->
    </div>
</div></wow-shelf-bundle></span>

<div class="cardDetail-container ng-hide" ng-show="::card.isDetail">

    <a href="javascript:;" ng-click="cardCtrl.closeCardDetail()" class="cardDetail-close" oly-move-focus="">
        <i class="icon-close_x"></i><span class="sr-only">Close details</span></a>

    <div class="_cardDetail-content"></div>

</div></wow-card><!-- end ngRepeat: card in cards track by card.isotopeId --><wow-card ng-repeat="card in cards track by card.isotopeId" card="card" class="isotope-item card-directive" ng-class="::{'detail-wrapper': card.isDetail, 'isMoved' : card.isMoved}" data-isotope-order="120" id="fbfbfa1c-655a-6d7b-c8bc-c6e6920d864e" tabindex="-1" oly-repeat-finished="onFinishRender()"><span class="_card"><wow-shelf-product product="product"><div class="shelfProductStamp card u-noOutline shelfProductStamp--regular enable-center-product-tag" data-stockcode="251062" tabindex="-1" ng-class="{
         'shelfProductStamp--regular' : !isdetail,
         'is-largeFormat': forceLargeFormatView,
         'is-smallFormat': forceSmallFormatView,
         'md-responsive' : sfResponsiveSize.medium,
         'lg-responsive' : sfResponsiveSize.large,
         'sm-responsive' : sfResponsiveSize.small,
         'xs-responsive' : sfResponsiveSize.xSmall,
         'enable-center-product-tag' : !forceDisableCenterProductTag
     }">

    <div class="shelfProductStamp-mainContainer">

        <div class="shelfProductStamp-content row">
            <div class="shelfProductStamp-imageTagsContainer" ng-switch="::(!!product.ImageTag.TagLink)">
                <img ng-src="/Content/wowProductImages/medium/251062.JPG" alt="" class="shelfProductStamp-productImage u-noOutline u-cursor-pointer" ng-click="showProductDetail($event)" ng-class="::{'u-cursor-pointer': canOpenDetail}" src="/Content/wowProductImages/medium/251062.JPG">

                <!-- ngSwitchWhen: true -->
                <!-- ngSwitchWhen: false --><span ng-switch-when="false" class="shelfProductStamp-leftTag" ng-click="gtmStaticTagClickPush()">
                    <img ng-show="::(product.ImageTag &amp;&amp; product.ImageTag.TagContent)" ng-src="/Content/PromotionTags/final-special.png" alt="On Special" class="shelfProductStamp-leftTagImage" src="/Content/PromotionTags/final-special.png">
                </span><!-- end ngSwitchWhen: -->

            </div>

            <div class="shelfProductStamp-productName">
                <h3 class="shelfProductStamp-productNameInner">
                    <!-- ngIf: ::canOpenDetail --><a ng-click="showProductDetail($event)" class="shelfProductStamp-productNameInnerDescription noVariants" ng-class="::{'noVariants': !hasVariants}" ng-href="/Shop/Search/Products?searchTerm=almonds&amp;name=sunbeam-natural-almonds&amp;productId=251062" ng-if="::canOpenDetail" aria-label="Sunbeam Natural Almonds  130g" title="Sunbeam Natural Almonds  130g" href="/Shop/Search/Products?searchTerm=almonds&amp;name=sunbeam-natural-almonds&amp;productId=251062">
                        <!-- ngIf: !displaySmallFormatVersion() && !isdetail && hasVariants -->
                        <!-- ngIf: displaySmallFormatVersion() || isdetail || !hasVariants --><span class="shelfProductStamp-productDetailsLink" ng-if="displaySmallFormatVersion() || isdetail || !hasVariants" ng-bind-html="::(product.SmallFormatDescription | sanitize)">Sunbeam Natural Almonds </span><!-- end ngIf: displaySmallFormatVersion() || isdetail || !hasVariants -->
                        <br>
                        <!-- ngIf: displaySmallFormatVersion() || isdetail || !hasVariants --><span class="shelfProductStamp-productDetailsPackageSize" ng-if="displaySmallFormatVersion() || isdetail || !hasVariants"> 130g</span><!-- end ngIf: displaySmallFormatVersion() || isdetail || !hasVariants -->
                    </a><!-- end ngIf: ::canOpenDetail -->
                    <!-- ngIf: ::!canOpenDetail -->
                </h3>

                <!-- ngIf: ::hasVariants -->
            </div>
            <div class="shelfProductStamp-centerProductTagContainer">
                <!-- ngIf: ::showCenterTag -->
            </div>
            <div class="shelfProductStamp-header u-ngFade">
                <wow-saved-list-product-stamp-ctrl product="::product" isdetail="isdetail"><div class="shelfProductStamp-savedLists cardViewCompactSavedToList" ng-class="{'cardViewCompactSavedToList': !isdetail}">
    <div class="shelfProductStamp-savedLists-saveToListContainer" ng-show="!isListEditMode()">
        <a href="javascript:;" ng-show="saveToListStateDefault()" ng-click="saveToDefaultList()" class="saveToList-link _saveToDefaultList saveToList-link-text saveToList-link-default">
            Save <span class="sr-only">Sunbeam Natural Almonds </span> to list<i class="icon-savetolist saveToList-icon-list"></i>
        </a>

        <div ng-show="saveToListStateSavedToList()" class="saveToList-link-saved saveToList-link-text ng-hide">
            Saved <span class="sr-only">Sunbeam Natural Almonds </span> to <a class="saveToList-link-text-link _saveToListLink" href="javascript:;" ng-click="toggleSavedListsDropdown()"></a>
            <i class="icon-tick saveToList-icon-tick"></i>
        </div>

        <ul ng-show="showSavedListsDropdown()" class="saveToList-listSelection-items saveToList-listSelection ng-hide">
            <!-- ngRepeat: list in savedListsSelection -->
        </ul>
    </div>

    <a href="javascript:;" class="shelfProductStamp-savedLists-editModeRemoveIconContainer ng-hide" ng-show="isListEditMode() &amp;&amp; !isdetail" ng-click="deleteListItem()">
        <span class="sr-only">Remove Sunbeam Natural Almonds  from list</span><i class="removeIcon icon-close_x"></i>
    </a>
</div></wow-saved-list-product-stamp-ctrl>
            </div>

            <!-- ngIf: (showFooter || showCenterTag) -->

            <wow-shelf-product-pricing-container class="shelfProductStamp-pricingContainer" product="::product"><!-- ngIf: ::(!featuresEnabled) -->

<!-- ngIf: ::featuresEnabled --><div class="pricingContainer pricingContainer--grid u-ngFade noCenterTag" ng-class="::{'noCenterTag': !showCenterTag}" ng-if="::featuresEnabled">
    <!-- ngIf: ::(product.IsOnSpecial && !product.HideWasSavedPrice) --><div class="pricingContainer-saveWrapper" ng-if="::(product.IsOnSpecial &amp;&amp; !product.HideWasSavedPrice)">
        <div class="pricingContainer-saveContainer">
            <span class="pricingContainer-saveHeading">SAVE</span>
            <span class="pricingContainer-savePrice">$1.00</span>
        </div>
    </div><!-- end ngIf: ::(product.IsOnSpecial && !product.HideWasSavedPrice) -->
    <div class="pricingContainer-priceContainer">
        <span class="pricingContainer-priceAmount u-special" ng-class="::specialClass">$4.00</span>
        <!-- ngIf: ::product.CupPrice --><span ng-if="::product.CupPrice" class="pricingContainer-priceCup">
            $30.77 / 1KG
        </span><!-- end ngIf: ::product.CupPrice -->
    </div>
</div><!-- end ngIf: ::featuresEnabled --></wow-shelf-product-pricing-container>

            <wow-trolley-controls class="u-ngFade" product="::product" use-trolley-quantity="true"><form role="form" ng-submit="addOrUpdate()" class="trolley-controls  _hideOnScroll ng-valid-maxlength" ng-show="true">
    <!-- ngIf: trolleyControlMessage --><span class="sr-only" role="status" aria-live="polite" aria-atomic="true" ng-bind="message" message="selected quantity is 1." ng-if="trolleyControlMessage">selected quantity is 1.</span><!-- end ngIf: trolleyControlMessage -->

    <div role="group" aria-label="Sunbeam Natural Almonds ">
        <button type="button" class="trolley-quantity-button trolley-quantity-decrement disabled" ng-click="decrement()" ng-class="{'disabled': isDecrementDisabled}">
            <span class="sr-only">Decrease  order amount</span><i class="icon-quantity_minus trolley-quantity-minus"></i>
        </button>
        <button type="button" class="trolley-quantity-button trolley-quantity-increment" ng-click="increment()" ng-class="{'disabled': isIncrementDisabled}">
            <span class="sr-only">Increase  order amount</span><i class="icon-quantity_plus trolley-quantity-plus"></i>
        </button>
        <label for="83dfc193-8371-95cf-1d1b-0cd1afd06ee6">
            <span class="sr-only">Order quantity</span>
        </label>
        <input type="text" class="quantity-input ng-pristine ng-untouched ng-valid ng-valid-maxlength" id="83dfc193-8371-95cf-1d1b-0cd1afd06ee6" ng-class="{'kilograms disabled': isInKilograms}" ng-disabled="::isInKilograms" ng-model="::updateQuantity" ng-model-options="::{ getterSetter: true, updateOn: 'default blur', debounce: { default: 200, blur: 0 } }" ng-blur="::blur()" maxlength="5">
        <button type="submit" class="button button--primary add-to-trolley-button" ng-class="{'disabled': showDisabledState()}" ng-show="::showAddOrUpdate">
            <span class="_quantity-input-value">Add</span> <span class="sr-only">item to trolley</span>
        </button>
    </div>
</form>
<!-- ngIf: modalMessage --></wow-trolley-controls>

            <div class="trolley-controls _hideOnScroll ng-hide" ng-show="false">
                <div class="button button--comms shelfProductStamp-unAvailable">
                    Unavailable
                </div>
            </div>

        </div>

        <div class="shelfProductStamp-selectedPointer ng-hide" ng-class="::{'shelfProductStamp-selectedPointer--footerEnabled': product.IsFooterEnabled}" ng-show="selectedPointer()"></div>
    </div>
    <!-- ngIf: ::showFooter -->
</div></wow-shelf-product></span>

<div class="cardDetail-container ng-hide" ng-show="::card.isDetail">

    <a href="javascript:;" ng-click="cardCtrl.closeCardDetail()" class="cardDetail-close" oly-move-focus="">
        <i class="icon-close_x"></i><span class="sr-only">Close details</span></a>

    <div class="_cardDetail-content"></div>

</div></wow-card><!-- end ngRepeat: card in cards track by card.isotopeId --><wow-card ng-repeat="card in cards track by card.isotopeId" card="card" class="isotope-item card-directive" ng-class="::{'detail-wrapper': card.isDetail, 'isMoved' : card.isMoved}" data-isotope-order="130" id="31b22b6f-115e-3657-2829-8691835a31b1" tabindex="-1" oly-repeat-finished="onFinishRender()"><span class="_card"><wow-shelf-product product="product"><div class="shelfProductStamp card u-noOutline shelfProductStamp--regular enable-center-product-tag" data-stockcode="827820" tabindex="-1" ng-class="{
         'shelfProductStamp--regular' : !isdetail,
         'is-largeFormat': forceLargeFormatView,
         'is-smallFormat': forceSmallFormatView,
         'md-responsive' : sfResponsiveSize.medium,
         'lg-responsive' : sfResponsiveSize.large,
         'sm-responsive' : sfResponsiveSize.small,
         'xs-responsive' : sfResponsiveSize.xSmall,
         'enable-center-product-tag' : !forceDisableCenterProductTag
     }">

    <div class="shelfProductStamp-mainContainer">

        <div class="shelfProductStamp-content row">
            <div class="shelfProductStamp-imageTagsContainer" ng-switch="::(!!product.ImageTag.TagLink)">
                <img ng-src="/Content/wowProductImages/medium/827820.jpg" alt="" class="shelfProductStamp-productImage u-noOutline u-cursor-pointer" ng-click="showProductDetail($event)" ng-class="::{'u-cursor-pointer': canOpenDetail}" src="/Content/wowProductImages/medium/827820.jpg">

                <!-- ngSwitchWhen: true -->
                <!-- ngSwitchWhen: false --><span ng-switch-when="false" class="shelfProductStamp-leftTag" ng-click="gtmStaticTagClickPush()">
                    <img ng-show="::(product.ImageTag &amp;&amp; product.ImageTag.TagContent)" ng-src="" alt="" class="shelfProductStamp-leftTagImage ng-hide">
                </span><!-- end ngSwitchWhen: -->

            </div>

            <div class="shelfProductStamp-productName">
                <h3 class="shelfProductStamp-productNameInner">
                    <!-- ngIf: ::canOpenDetail --><a ng-click="showProductDetail($event)" class="shelfProductStamp-productNameInnerDescription noVariants" ng-class="::{'noVariants': !hasVariants}" ng-href="/Shop/Search/Products?searchTerm=almonds&amp;name=woolworths-select-roasted-salted-almonds&amp;productId=827820" ng-if="::canOpenDetail" aria-label="Woolworths Select Roasted &amp; Salted Almonds 400g" title="Woolworths Select Roasted &amp; Salted Almonds 400g" href="/Shop/Search/Products?searchTerm=almonds&amp;name=woolworths-select-roasted-salted-almonds&amp;productId=827820">
                        <!-- ngIf: !displaySmallFormatVersion() && !isdetail && hasVariants -->
                        <!-- ngIf: displaySmallFormatVersion() || isdetail || !hasVariants --><span class="shelfProductStamp-productDetailsLink" ng-if="displaySmallFormatVersion() || isdetail || !hasVariants" ng-bind-html="::(product.SmallFormatDescription | sanitize)">Woolworths Select Roasted &amp; Salted Almonds</span><!-- end ngIf: displaySmallFormatVersion() || isdetail || !hasVariants -->
                        <br>
                        <!-- ngIf: displaySmallFormatVersion() || isdetail || !hasVariants --><span class="shelfProductStamp-productDetailsPackageSize" ng-if="displaySmallFormatVersion() || isdetail || !hasVariants"> 400g</span><!-- end ngIf: displaySmallFormatVersion() || isdetail || !hasVariants -->
                    </a><!-- end ngIf: ::canOpenDetail -->
                    <!-- ngIf: ::!canOpenDetail -->
                </h3>

                <!-- ngIf: ::hasVariants -->
            </div>
            <div class="shelfProductStamp-centerProductTagContainer">
                <!-- ngIf: ::showCenterTag -->
            </div>
            <div class="shelfProductStamp-header u-ngFade">
                <wow-saved-list-product-stamp-ctrl product="::product" isdetail="isdetail"><div class="shelfProductStamp-savedLists cardViewCompactSavedToList" ng-class="{'cardViewCompactSavedToList': !isdetail}">
    <div class="shelfProductStamp-savedLists-saveToListContainer" ng-show="!isListEditMode()">
        <a href="javascript:;" ng-show="saveToListStateDefault()" ng-click="saveToDefaultList()" class="saveToList-link _saveToDefaultList saveToList-link-text saveToList-link-default">
            Save <span class="sr-only">Woolworths Select Roasted &amp; Salted Almonds</span> to list<i class="icon-savetolist saveToList-icon-list"></i>
        </a>

        <div ng-show="saveToListStateSavedToList()" class="saveToList-link-saved saveToList-link-text ng-hide">
            Saved <span class="sr-only">Woolworths Select Roasted &amp; Salted Almonds</span> to <a class="saveToList-link-text-link _saveToListLink" href="javascript:;" ng-click="toggleSavedListsDropdown()"></a>
            <i class="icon-tick saveToList-icon-tick"></i>
        </div>

        <ul ng-show="showSavedListsDropdown()" class="saveToList-listSelection-items saveToList-listSelection ng-hide">
            <!-- ngRepeat: list in savedListsSelection -->
        </ul>
    </div>

    <a href="javascript:;" class="shelfProductStamp-savedLists-editModeRemoveIconContainer ng-hide" ng-show="isListEditMode() &amp;&amp; !isdetail" ng-click="deleteListItem()">
        <span class="sr-only">Remove Woolworths Select Roasted &amp; Salted Almonds from list</span><i class="removeIcon icon-close_x"></i>
    </a>
</div></wow-saved-list-product-stamp-ctrl>
            </div>

            <!-- ngIf: (showFooter || showCenterTag) -->

            <wow-shelf-product-pricing-container class="shelfProductStamp-pricingContainer" product="::product"><!-- ngIf: ::(!featuresEnabled) -->

<!-- ngIf: ::featuresEnabled --><div class="pricingContainer pricingContainer--grid u-ngFade noCenterTag" ng-class="::{'noCenterTag': !showCenterTag}" ng-if="::featuresEnabled">
    <!-- ngIf: ::(product.IsOnSpecial && !product.HideWasSavedPrice) -->
    <div class="pricingContainer-priceContainer">
        <span class="pricingContainer-priceAmount" ng-class="::specialClass">$9.98</span>
        <!-- ngIf: ::product.CupPrice --><span ng-if="::product.CupPrice" class="pricingContainer-priceCup">
            $24.95 / 1KG
        </span><!-- end ngIf: ::product.CupPrice -->
    </div>
</div><!-- end ngIf: ::featuresEnabled --></wow-shelf-product-pricing-container>

            <wow-trolley-controls class="u-ngFade" product="::product" use-trolley-quantity="true"><form role="form" ng-submit="addOrUpdate()" class="trolley-controls  _hideOnScroll ng-valid-maxlength" ng-show="true">
    <!-- ngIf: trolleyControlMessage --><span class="sr-only" role="status" aria-live="polite" aria-atomic="true" ng-bind="message" message="selected quantity is 1." ng-if="trolleyControlMessage">selected quantity is 1.</span><!-- end ngIf: trolleyControlMessage -->

    <div role="group" aria-label="Woolworths Select Roasted &amp; Salted Almonds">
        <button type="button" class="trolley-quantity-button trolley-quantity-decrement disabled" ng-click="decrement()" ng-class="{'disabled': isDecrementDisabled}">
            <span class="sr-only">Decrease  order amount</span><i class="icon-quantity_minus trolley-quantity-minus"></i>
        </button>
        <button type="button" class="trolley-quantity-button trolley-quantity-increment" ng-click="increment()" ng-class="{'disabled': isIncrementDisabled}">
            <span class="sr-only">Increase  order amount</span><i class="icon-quantity_plus trolley-quantity-plus"></i>
        </button>
        <label for="bb3239fe-92a4-ea6c-6abf-58908b3ee101">
            <span class="sr-only">Order quantity</span>
        </label>
        <input type="text" class="quantity-input ng-pristine ng-untouched ng-valid ng-valid-maxlength" id="bb3239fe-92a4-ea6c-6abf-58908b3ee101" ng-class="{'kilograms disabled': isInKilograms}" ng-disabled="::isInKilograms" ng-model="::updateQuantity" ng-model-options="::{ getterSetter: true, updateOn: 'default blur', debounce: { default: 200, blur: 0 } }" ng-blur="::blur()" maxlength="5">
        <button type="submit" class="button button--primary add-to-trolley-button" ng-class="{'disabled': showDisabledState()}" ng-show="::showAddOrUpdate">
            <span class="_quantity-input-value">Add</span> <span class="sr-only">item to trolley</span>
        </button>
    </div>
</form>
<!-- ngIf: modalMessage --></wow-trolley-controls>

            <div class="trolley-controls _hideOnScroll ng-hide" ng-show="false">
                <div class="button button--comms shelfProductStamp-unAvailable">
                    Unavailable
                </div>
            </div>

        </div>

        <div class="shelfProductStamp-selectedPointer ng-hide" ng-class="::{'shelfProductStamp-selectedPointer--footerEnabled': product.IsFooterEnabled}" ng-show="selectedPointer()"></div>
    </div>
    <!-- ngIf: ::showFooter -->
</div></wow-shelf-product></span>

<div class="cardDetail-container ng-hide" ng-show="::card.isDetail">

    <a href="javascript:;" ng-click="cardCtrl.closeCardDetail()" class="cardDetail-close" oly-move-focus="">
        <i class="icon-close_x"></i><span class="sr-only">Close details</span></a>

    <div class="_cardDetail-content"></div>

</div></wow-card><!-- end ngRepeat: card in cards track by card.isotopeId --><wow-card ng-repeat="card in cards track by card.isotopeId" card="card" class="isotope-item card-directive" ng-class="::{'detail-wrapper': card.isDetail, 'isMoved' : card.isMoved}" data-isotope-order="140" id="e43180b9-2445-9710-52da-5f3b2425c019" tabindex="-1" oly-repeat-finished="onFinishRender()"><span class="_card"><wow-shelf-product product="product"><div class="shelfProductStamp card u-noOutline shelfProductStamp--regular enable-center-product-tag" data-stockcode="841666" tabindex="-1" ng-class="{
         'shelfProductStamp--regular' : !isdetail,
         'is-largeFormat': forceLargeFormatView,
         'is-smallFormat': forceSmallFormatView,
         'md-responsive' : sfResponsiveSize.medium,
         'lg-responsive' : sfResponsiveSize.large,
         'sm-responsive' : sfResponsiveSize.small,
         'xs-responsive' : sfResponsiveSize.xSmall,
         'enable-center-product-tag' : !forceDisableCenterProductTag
     }">

    <div class="shelfProductStamp-mainContainer">

        <div class="shelfProductStamp-content row">
            <div class="shelfProductStamp-imageTagsContainer" ng-switch="::(!!product.ImageTag.TagLink)">
                <img ng-src="/Content/wowProductImages/medium/841666.JPG" alt="" class="shelfProductStamp-productImage u-noOutline u-cursor-pointer" ng-click="showProductDetail($event)" ng-class="::{'u-cursor-pointer': canOpenDetail}" src="/Content/wowProductImages/medium/841666.JPG">

                <!-- ngSwitchWhen: true -->
                <!-- ngSwitchWhen: false --><span ng-switch-when="false" class="shelfProductStamp-leftTag" ng-click="gtmStaticTagClickPush()">
                    <img ng-show="::(product.ImageTag &amp;&amp; product.ImageTag.TagContent)" ng-src="" alt="" class="shelfProductStamp-leftTagImage ng-hide">
                </span><!-- end ngSwitchWhen: -->

            </div>

            <div class="shelfProductStamp-productName">
                <h3 class="shelfProductStamp-productNameInner">
                    <!-- ngIf: ::canOpenDetail --><a ng-click="showProductDetail($event)" class="shelfProductStamp-productNameInnerDescription noVariants" ng-class="::{'noVariants': !hasVariants}" ng-href="/Shop/Search/Products?searchTerm=almonds&amp;name=woolworths-select-almond-nut-dry-roasted&amp;productId=841666" ng-if="::canOpenDetail" aria-label="Woolworths Select Almond Nut Dry Roasted 500g" title="Woolworths Select Almond Nut Dry Roasted 500g" href="/Shop/Search/Products?searchTerm=almonds&amp;name=woolworths-select-almond-nut-dry-roasted&amp;productId=841666">
                        <!-- ngIf: !displaySmallFormatVersion() && !isdetail && hasVariants -->
                        <!-- ngIf: displaySmallFormatVersion() || isdetail || !hasVariants --><span class="shelfProductStamp-productDetailsLink" ng-if="displaySmallFormatVersion() || isdetail || !hasVariants" ng-bind-html="::(product.SmallFormatDescription | sanitize)">Woolworths Select Almond Nut Dry Roasted</span><!-- end ngIf: displaySmallFormatVersion() || isdetail || !hasVariants -->
                        <br>
                        <!-- ngIf: displaySmallFormatVersion() || isdetail || !hasVariants --><span class="shelfProductStamp-productDetailsPackageSize" ng-if="displaySmallFormatVersion() || isdetail || !hasVariants"> 500g</span><!-- end ngIf: displaySmallFormatVersion() || isdetail || !hasVariants -->
                    </a><!-- end ngIf: ::canOpenDetail -->
                    <!-- ngIf: ::!canOpenDetail -->
                </h3>

                <!-- ngIf: ::hasVariants -->
            </div>
            <div class="shelfProductStamp-centerProductTagContainer">
                <!-- ngIf: ::showCenterTag -->
            </div>
            <div class="shelfProductStamp-header u-ngFade">
                <wow-saved-list-product-stamp-ctrl product="::product" isdetail="isdetail"><div class="shelfProductStamp-savedLists cardViewCompactSavedToList" ng-class="{'cardViewCompactSavedToList': !isdetail}">
    <div class="shelfProductStamp-savedLists-saveToListContainer" ng-show="!isListEditMode()">
        <a href="javascript:;" ng-show="saveToListStateDefault()" ng-click="saveToDefaultList()" class="saveToList-link _saveToDefaultList saveToList-link-text saveToList-link-default">
            Save <span class="sr-only">Woolworths Select Almond Nut Dry Roasted</span> to list<i class="icon-savetolist saveToList-icon-list"></i>
        </a>

        <div ng-show="saveToListStateSavedToList()" class="saveToList-link-saved saveToList-link-text ng-hide">
            Saved <span class="sr-only">Woolworths Select Almond Nut Dry Roasted</span> to <a class="saveToList-link-text-link _saveToListLink" href="javascript:;" ng-click="toggleSavedListsDropdown()"></a>
            <i class="icon-tick saveToList-icon-tick"></i>
        </div>

        <ul ng-show="showSavedListsDropdown()" class="saveToList-listSelection-items saveToList-listSelection ng-hide">
            <!-- ngRepeat: list in savedListsSelection -->
        </ul>
    </div>

    <a href="javascript:;" class="shelfProductStamp-savedLists-editModeRemoveIconContainer ng-hide" ng-show="isListEditMode() &amp;&amp; !isdetail" ng-click="deleteListItem()">
        <span class="sr-only">Remove Woolworths Select Almond Nut Dry Roasted from list</span><i class="removeIcon icon-close_x"></i>
    </a>
</div></wow-saved-list-product-stamp-ctrl>
            </div>

            <!-- ngIf: (showFooter || showCenterTag) -->

            <wow-shelf-product-pricing-container class="shelfProductStamp-pricingContainer" product="::product"><!-- ngIf: ::(!featuresEnabled) -->

<!-- ngIf: ::featuresEnabled --><div class="pricingContainer pricingContainer--grid u-ngFade noCenterTag" ng-class="::{'noCenterTag': !showCenterTag}" ng-if="::featuresEnabled">
    <!-- ngIf: ::(product.IsOnSpecial && !product.HideWasSavedPrice) -->
    <div class="pricingContainer-priceContainer">
        <span class="pricingContainer-priceAmount" ng-class="::specialClass">$12.48</span>
        <!-- ngIf: ::product.CupPrice --><span ng-if="::product.CupPrice" class="pricingContainer-priceCup">
            $24.96 / 1KG
        </span><!-- end ngIf: ::product.CupPrice -->
    </div>
</div><!-- end ngIf: ::featuresEnabled --></wow-shelf-product-pricing-container>

            <wow-trolley-controls class="u-ngFade" product="::product" use-trolley-quantity="true"><form role="form" ng-submit="addOrUpdate()" class="trolley-controls  _hideOnScroll ng-valid-maxlength" ng-show="true">
    <!-- ngIf: trolleyControlMessage --><span class="sr-only" role="status" aria-live="polite" aria-atomic="true" ng-bind="message" message="selected quantity is 1." ng-if="trolleyControlMessage">selected quantity is 1.</span><!-- end ngIf: trolleyControlMessage -->

    <div role="group" aria-label="Woolworths Select Almond Nut Dry Roasted">
        <button type="button" class="trolley-quantity-button trolley-quantity-decrement disabled" ng-click="decrement()" ng-class="{'disabled': isDecrementDisabled}">
            <span class="sr-only">Decrease  order amount</span><i class="icon-quantity_minus trolley-quantity-minus"></i>
        </button>
        <button type="button" class="trolley-quantity-button trolley-quantity-increment" ng-click="increment()" ng-class="{'disabled': isIncrementDisabled}">
            <span class="sr-only">Increase  order amount</span><i class="icon-quantity_plus trolley-quantity-plus"></i>
        </button>
        <label for="1abc22af-c88d-c420-3cec-eb5da0b89fd0">
            <span class="sr-only">Order quantity</span>
        </label>
        <input type="text" class="quantity-input ng-pristine ng-untouched ng-valid ng-valid-maxlength" id="1abc22af-c88d-c420-3cec-eb5da0b89fd0" ng-class="{'kilograms disabled': isInKilograms}" ng-disabled="::isInKilograms" ng-model="::updateQuantity" ng-model-options="::{ getterSetter: true, updateOn: 'default blur', debounce: { default: 200, blur: 0 } }" ng-blur="::blur()" maxlength="5">
        <button type="submit" class="button button--primary add-to-trolley-button" ng-class="{'disabled': showDisabledState()}" ng-show="::showAddOrUpdate">
            <span class="_quantity-input-value">Add</span> <span class="sr-only">item to trolley</span>
        </button>
    </div>
</form>
<!-- ngIf: modalMessage --></wow-trolley-controls>

            <div class="trolley-controls _hideOnScroll ng-hide" ng-show="false">
                <div class="button button--comms shelfProductStamp-unAvailable">
                    Unavailable
                </div>
            </div>

        </div>

        <div class="shelfProductStamp-selectedPointer ng-hide" ng-class="::{'shelfProductStamp-selectedPointer--footerEnabled': product.IsFooterEnabled}" ng-show="selectedPointer()"></div>
    </div>
    <!-- ngIf: ::showFooter -->
</div></wow-shelf-product></span>

<div class="cardDetail-container ng-hide" ng-show="::card.isDetail">

    <a href="javascript:;" ng-click="cardCtrl.closeCardDetail()" class="cardDetail-close" oly-move-focus="">
        <i class="icon-close_x"></i><span class="sr-only">Close details</span></a>

    <div class="_cardDetail-content"></div>

</div></wow-card><!-- end ngRepeat: card in cards track by card.isotopeId --><wow-card ng-repeat="card in cards track by card.isotopeId" card="card" class="isotope-item card-directive" ng-class="::{'detail-wrapper': card.isDetail, 'isMoved' : card.isMoved}" data-isotope-order="150" id="6aafe60b-f813-0973-c5aa-6da5714734ac" tabindex="-1" oly-repeat-finished="onFinishRender()"><span class="_card"><wow-shelf-product product="product"><div class="shelfProductStamp card u-noOutline shelfProductStamp--regular enable-center-product-tag" data-stockcode="741449" tabindex="-1" ng-class="{
         'shelfProductStamp--regular' : !isdetail,
         'is-largeFormat': forceLargeFormatView,
         'is-smallFormat': forceSmallFormatView,
         'md-responsive' : sfResponsiveSize.medium,
         'lg-responsive' : sfResponsiveSize.large,
         'sm-responsive' : sfResponsiveSize.small,
         'xs-responsive' : sfResponsiveSize.xSmall,
         'enable-center-product-tag' : !forceDisableCenterProductTag
     }">

    <div class="shelfProductStamp-mainContainer">

        <div class="shelfProductStamp-content row">
            <div class="shelfProductStamp-imageTagsContainer" ng-switch="::(!!product.ImageTag.TagLink)">
                <img ng-src="/Content/wowProductImages/medium/741449.JPG" alt="" class="shelfProductStamp-productImage u-noOutline u-cursor-pointer" ng-click="showProductDetail($event)" ng-class="::{'u-cursor-pointer': canOpenDetail}" src="/Content/wowProductImages/medium/741449.JPG">

                <!-- ngSwitchWhen: true -->
                <!-- ngSwitchWhen: false --><span ng-switch-when="false" class="shelfProductStamp-leftTag" ng-click="gtmStaticTagClickPush()">
                    <img ng-show="::(product.ImageTag &amp;&amp; product.ImageTag.TagContent)" ng-src="" alt="" class="shelfProductStamp-leftTagImage ng-hide">
                </span><!-- end ngSwitchWhen: -->

            </div>

            <div class="shelfProductStamp-productName">
                <h3 class="shelfProductStamp-productNameInner">
                    <!-- ngIf: ::canOpenDetail --><a ng-click="showProductDetail($event)" class="shelfProductStamp-productNameInnerDescription noVariants" ng-class="::{'noVariants': !hasVariants}" ng-href="/Shop/Search/Products?searchTerm=almonds&amp;name=lucky-oven-roasted-almonds&amp;productId=741449" ng-if="::canOpenDetail" aria-label="Lucky Oven Roasted Almonds  350g" title="Lucky Oven Roasted Almonds  350g" href="/Shop/Search/Products?searchTerm=almonds&amp;name=lucky-oven-roasted-almonds&amp;productId=741449">
                        <!-- ngIf: !displaySmallFormatVersion() && !isdetail && hasVariants -->
                        <!-- ngIf: displaySmallFormatVersion() || isdetail || !hasVariants --><span class="shelfProductStamp-productDetailsLink" ng-if="displaySmallFormatVersion() || isdetail || !hasVariants" ng-bind-html="::(product.SmallFormatDescription | sanitize)">Lucky Oven Roasted Almonds </span><!-- end ngIf: displaySmallFormatVersion() || isdetail || !hasVariants -->
                        <br>
                        <!-- ngIf: displaySmallFormatVersion() || isdetail || !hasVariants --><span class="shelfProductStamp-productDetailsPackageSize" ng-if="displaySmallFormatVersion() || isdetail || !hasVariants"> 350g</span><!-- end ngIf: displaySmallFormatVersion() || isdetail || !hasVariants -->
                    </a><!-- end ngIf: ::canOpenDetail -->
                    <!-- ngIf: ::!canOpenDetail -->
                </h3>

                <!-- ngIf: ::hasVariants -->
            </div>
            <div class="shelfProductStamp-centerProductTagContainer">
                <!-- ngIf: ::showCenterTag -->
            </div>
            <div class="shelfProductStamp-header u-ngFade">
                <wow-saved-list-product-stamp-ctrl product="::product" isdetail="isdetail"><div class="shelfProductStamp-savedLists cardViewCompactSavedToList" ng-class="{'cardViewCompactSavedToList': !isdetail}">
    <div class="shelfProductStamp-savedLists-saveToListContainer" ng-show="!isListEditMode()">
        <a href="javascript:;" ng-show="saveToListStateDefault()" ng-click="saveToDefaultList()" class="saveToList-link _saveToDefaultList saveToList-link-text saveToList-link-default">
            Save <span class="sr-only">Lucky Oven Roasted Almonds </span> to list<i class="icon-savetolist saveToList-icon-list"></i>
        </a>

        <div ng-show="saveToListStateSavedToList()" class="saveToList-link-saved saveToList-link-text ng-hide">
            Saved <span class="sr-only">Lucky Oven Roasted Almonds </span> to <a class="saveToList-link-text-link _saveToListLink" href="javascript:;" ng-click="toggleSavedListsDropdown()"></a>
            <i class="icon-tick saveToList-icon-tick"></i>
        </div>

        <ul ng-show="showSavedListsDropdown()" class="saveToList-listSelection-items saveToList-listSelection ng-hide">
            <!-- ngRepeat: list in savedListsSelection -->
        </ul>
    </div>

    <a href="javascript:;" class="shelfProductStamp-savedLists-editModeRemoveIconContainer ng-hide" ng-show="isListEditMode() &amp;&amp; !isdetail" ng-click="deleteListItem()">
        <span class="sr-only">Remove Lucky Oven Roasted Almonds  from list</span><i class="removeIcon icon-close_x"></i>
    </a>
</div></wow-saved-list-product-stamp-ctrl>
            </div>

            <!-- ngIf: (showFooter || showCenterTag) -->

            <wow-shelf-product-pricing-container class="shelfProductStamp-pricingContainer" product="::product"><!-- ngIf: ::(!featuresEnabled) -->

<!-- ngIf: ::featuresEnabled --><div class="pricingContainer pricingContainer--grid u-ngFade noCenterTag" ng-class="::{'noCenterTag': !showCenterTag}" ng-if="::featuresEnabled">
    <!-- ngIf: ::(product.IsOnSpecial && !product.HideWasSavedPrice) -->
    <div class="pricingContainer-priceContainer">
        <span class="pricingContainer-priceAmount" ng-class="::specialClass">$9.49</span>
        <!-- ngIf: ::product.CupPrice --><span ng-if="::product.CupPrice" class="pricingContainer-priceCup">
            $27.11 / 1KG
        </span><!-- end ngIf: ::product.CupPrice -->
    </div>
</div><!-- end ngIf: ::featuresEnabled --></wow-shelf-product-pricing-container>

            <wow-trolley-controls class="u-ngFade" product="::product" use-trolley-quantity="true"><form role="form" ng-submit="addOrUpdate()" class="trolley-controls  _hideOnScroll ng-valid-maxlength" ng-show="true">
    <!-- ngIf: trolleyControlMessage --><span class="sr-only" role="status" aria-live="polite" aria-atomic="true" ng-bind="message" message="selected quantity is 1." ng-if="trolleyControlMessage">selected quantity is 1.</span><!-- end ngIf: trolleyControlMessage -->

    <div role="group" aria-label="Lucky Oven Roasted Almonds ">
        <button type="button" class="trolley-quantity-button trolley-quantity-decrement disabled" ng-click="decrement()" ng-class="{'disabled': isDecrementDisabled}">
            <span class="sr-only">Decrease  order amount</span><i class="icon-quantity_minus trolley-quantity-minus"></i>
        </button>
        <button type="button" class="trolley-quantity-button trolley-quantity-increment" ng-click="increment()" ng-class="{'disabled': isIncrementDisabled}">
            <span class="sr-only">Increase  order amount</span><i class="icon-quantity_plus trolley-quantity-plus"></i>
        </button>
        <label for="b79758d9-b5c0-b0f1-1f8e-93b22b2a30ae">
            <span class="sr-only">Order quantity</span>
        </label>
        <input type="text" class="quantity-input ng-pristine ng-untouched ng-valid ng-valid-maxlength" id="b79758d9-b5c0-b0f1-1f8e-93b22b2a30ae" ng-class="{'kilograms disabled': isInKilograms}" ng-disabled="::isInKilograms" ng-model="::updateQuantity" ng-model-options="::{ getterSetter: true, updateOn: 'default blur', debounce: { default: 200, blur: 0 } }" ng-blur="::blur()" maxlength="5">
        <button type="submit" class="button button--primary add-to-trolley-button" ng-class="{'disabled': showDisabledState()}" ng-show="::showAddOrUpdate">
            <span class="_quantity-input-value">Add</span> <span class="sr-only">item to trolley</span>
        </button>
    </div>
</form>
<!-- ngIf: modalMessage --></wow-trolley-controls>

            <div class="trolley-controls _hideOnScroll ng-hide" ng-show="false">
                <div class="button button--comms shelfProductStamp-unAvailable">
                    Unavailable
                </div>
            </div>

        </div>

        <div class="shelfProductStamp-selectedPointer ng-hide" ng-class="::{'shelfProductStamp-selectedPointer--footerEnabled': product.IsFooterEnabled}" ng-show="selectedPointer()"></div>
    </div>
    <!-- ngIf: ::showFooter -->
</div></wow-shelf-product></span>

<div class="cardDetail-container ng-hide" ng-show="::card.isDetail">

    <a href="javascript:;" ng-click="cardCtrl.closeCardDetail()" class="cardDetail-close" oly-move-focus="">
        <i class="icon-close_x"></i><span class="sr-only">Close details</span></a>

    <div class="_cardDetail-content"></div>

</div></wow-card><!-- end ngRepeat: card in cards track by card.isotopeId --><wow-card ng-repeat="card in cards track by card.isotopeId" card="card" class="isotope-item card-directive" ng-class="::{'detail-wrapper': card.isDetail, 'isMoved' : card.isMoved}" data-isotope-order="160" id="c9126039-25cf-f36b-e460-a437d87673e1" tabindex="-1" oly-repeat-finished="onFinishRender()"><span class="_card"><wow-shelf-product product="product"><div class="shelfProductStamp card u-noOutline shelfProductStamp--regular enable-center-product-tag" data-stockcode="313448" tabindex="-1" ng-class="{
         'shelfProductStamp--regular' : !isdetail,
         'is-largeFormat': forceLargeFormatView,
         'is-smallFormat': forceSmallFormatView,
         'md-responsive' : sfResponsiveSize.medium,
         'lg-responsive' : sfResponsiveSize.large,
         'sm-responsive' : sfResponsiveSize.small,
         'xs-responsive' : sfResponsiveSize.xSmall,
         'enable-center-product-tag' : !forceDisableCenterProductTag
     }">

    <div class="shelfProductStamp-mainContainer">

        <div class="shelfProductStamp-content row">
            <div class="shelfProductStamp-imageTagsContainer" ng-switch="::(!!product.ImageTag.TagLink)">
                <img ng-src="/Content/wowProductImages/medium/313448.jpg" alt="" class="shelfProductStamp-productImage u-noOutline u-cursor-pointer" ng-click="showProductDetail($event)" ng-class="::{'u-cursor-pointer': canOpenDetail}" src="/Content/wowProductImages/medium/313448.jpg">

                <!-- ngSwitchWhen: true -->
                <!-- ngSwitchWhen: false --><span ng-switch-when="false" class="shelfProductStamp-leftTag" ng-click="gtmStaticTagClickPush()">
                    <img ng-show="::(product.ImageTag &amp;&amp; product.ImageTag.TagContent)" ng-src="/Content/PromotionTags/final-special.png" alt="On Special" class="shelfProductStamp-leftTagImage" src="/Content/PromotionTags/final-special.png">
                </span><!-- end ngSwitchWhen: -->

            </div>

            <div class="shelfProductStamp-productName">
                <h3 class="shelfProductStamp-productNameInner">
                    <!-- ngIf: ::canOpenDetail --><a ng-click="showProductDetail($event)" class="shelfProductStamp-productNameInnerDescription noVariants" ng-class="::{'noVariants': !hasVariants}" ng-href="/Shop/Search/Products?searchTerm=almonds&amp;name=lucky-almonds-meal&amp;productId=313448" ng-if="::canOpenDetail" aria-label="Lucky Almonds Meal 400g" title="Lucky Almonds Meal 400g" href="/Shop/Search/Products?searchTerm=almonds&amp;name=lucky-almonds-meal&amp;productId=313448">
                        <!-- ngIf: !displaySmallFormatVersion() && !isdetail && hasVariants -->
                        <!-- ngIf: displaySmallFormatVersion() || isdetail || !hasVariants --><span class="shelfProductStamp-productDetailsLink" ng-if="displaySmallFormatVersion() || isdetail || !hasVariants" ng-bind-html="::(product.SmallFormatDescription | sanitize)">Lucky Almonds Meal</span><!-- end ngIf: displaySmallFormatVersion() || isdetail || !hasVariants -->
                        <br>
                        <!-- ngIf: displaySmallFormatVersion() || isdetail || !hasVariants --><span class="shelfProductStamp-productDetailsPackageSize" ng-if="displaySmallFormatVersion() || isdetail || !hasVariants"> 400g</span><!-- end ngIf: displaySmallFormatVersion() || isdetail || !hasVariants -->
                    </a><!-- end ngIf: ::canOpenDetail -->
                    <!-- ngIf: ::!canOpenDetail -->
                </h3>

                <!-- ngIf: ::hasVariants -->
            </div>
            <div class="shelfProductStamp-centerProductTagContainer">
                <!-- ngIf: ::showCenterTag -->
            </div>
            <div class="shelfProductStamp-header u-ngFade">
                <wow-saved-list-product-stamp-ctrl product="::product" isdetail="isdetail"><div class="shelfProductStamp-savedLists cardViewCompactSavedToList" ng-class="{'cardViewCompactSavedToList': !isdetail}">
    <div class="shelfProductStamp-savedLists-saveToListContainer" ng-show="!isListEditMode()">
        <a href="javascript:;" ng-show="saveToListStateDefault()" ng-click="saveToDefaultList()" class="saveToList-link _saveToDefaultList saveToList-link-text saveToList-link-default">
            Save <span class="sr-only">Lucky Almonds Meal</span> to list<i class="icon-savetolist saveToList-icon-list"></i>
        </a>

        <div ng-show="saveToListStateSavedToList()" class="saveToList-link-saved saveToList-link-text ng-hide">
            Saved <span class="sr-only">Lucky Almonds Meal</span> to <a class="saveToList-link-text-link _saveToListLink" href="javascript:;" ng-click="toggleSavedListsDropdown()"></a>
            <i class="icon-tick saveToList-icon-tick"></i>
        </div>

        <ul ng-show="showSavedListsDropdown()" class="saveToList-listSelection-items saveToList-listSelection ng-hide">
            <!-- ngRepeat: list in savedListsSelection -->
        </ul>
    </div>

    <a href="javascript:;" class="shelfProductStamp-savedLists-editModeRemoveIconContainer ng-hide" ng-show="isListEditMode() &amp;&amp; !isdetail" ng-click="deleteListItem()">
        <span class="sr-only">Remove Lucky Almonds Meal from list</span><i class="removeIcon icon-close_x"></i>
    </a>
</div></wow-saved-list-product-stamp-ctrl>
            </div>

            <!-- ngIf: (showFooter || showCenterTag) -->

            <wow-shelf-product-pricing-container class="shelfProductStamp-pricingContainer" product="::product"><!-- ngIf: ::(!featuresEnabled) -->

<!-- ngIf: ::featuresEnabled --><div class="pricingContainer pricingContainer--grid u-ngFade noCenterTag" ng-class="::{'noCenterTag': !showCenterTag}" ng-if="::featuresEnabled">
    <!-- ngIf: ::(product.IsOnSpecial && !product.HideWasSavedPrice) --><div class="pricingContainer-saveWrapper" ng-if="::(product.IsOnSpecial &amp;&amp; !product.HideWasSavedPrice)">
        <div class="pricingContainer-saveContainer">
            <span class="pricingContainer-saveHeading">SAVE</span>
            <span class="pricingContainer-savePrice">$2.19</span>
        </div>
    </div><!-- end ngIf: ::(product.IsOnSpecial && !product.HideWasSavedPrice) -->
    <div class="pricingContainer-priceContainer">
        <span class="pricingContainer-priceAmount u-special" ng-class="::specialClass">$8.80</span>
        <!-- ngIf: ::product.CupPrice --><span ng-if="::product.CupPrice" class="pricingContainer-priceCup">
            $22.00 / 1KG
        </span><!-- end ngIf: ::product.CupPrice -->
    </div>
</div><!-- end ngIf: ::featuresEnabled --></wow-shelf-product-pricing-container>

            <wow-trolley-controls class="u-ngFade" product="::product" use-trolley-quantity="true"><form role="form" ng-submit="addOrUpdate()" class="trolley-controls  _hideOnScroll ng-valid-maxlength" ng-show="true">
    <!-- ngIf: trolleyControlMessage --><span class="sr-only" role="status" aria-live="polite" aria-atomic="true" ng-bind="message" message="selected quantity is 1." ng-if="trolleyControlMessage">selected quantity is 1.</span><!-- end ngIf: trolleyControlMessage -->

    <div role="group" aria-label="Lucky Almonds Meal">
        <button type="button" class="trolley-quantity-button trolley-quantity-decrement disabled" ng-click="decrement()" ng-class="{'disabled': isDecrementDisabled}">
            <span class="sr-only">Decrease  order amount</span><i class="icon-quantity_minus trolley-quantity-minus"></i>
        </button>
        <button type="button" class="trolley-quantity-button trolley-quantity-increment" ng-click="increment()" ng-class="{'disabled': isIncrementDisabled}">
            <span class="sr-only">Increase  order amount</span><i class="icon-quantity_plus trolley-quantity-plus"></i>
        </button>
        <label for="8aa477dc-ceac-f6e1-d389-9ec96a90558f">
            <span class="sr-only">Order quantity</span>
        </label>
        <input type="text" class="quantity-input ng-pristine ng-untouched ng-valid ng-valid-maxlength" id="8aa477dc-ceac-f6e1-d389-9ec96a90558f" ng-class="{'kilograms disabled': isInKilograms}" ng-disabled="::isInKilograms" ng-model="::updateQuantity" ng-model-options="::{ getterSetter: true, updateOn: 'default blur', debounce: { default: 200, blur: 0 } }" ng-blur="::blur()" maxlength="5">
        <button type="submit" class="button button--primary add-to-trolley-button" ng-class="{'disabled': showDisabledState()}" ng-show="::showAddOrUpdate">
            <span class="_quantity-input-value">Add</span> <span class="sr-only">item to trolley</span>
        </button>
    </div>
</form>
<!-- ngIf: modalMessage --></wow-trolley-controls>

            <div class="trolley-controls _hideOnScroll ng-hide" ng-show="false">
                <div class="button button--comms shelfProductStamp-unAvailable">
                    Unavailable
                </div>
            </div>

        </div>

        <div class="shelfProductStamp-selectedPointer ng-hide" ng-class="::{'shelfProductStamp-selectedPointer--footerEnabled': product.IsFooterEnabled}" ng-show="selectedPointer()"></div>
    </div>
    <!-- ngIf: ::showFooter -->
</div></wow-shelf-product></span>

<div class="cardDetail-container ng-hide" ng-show="::card.isDetail">

    <a href="javascript:;" ng-click="cardCtrl.closeCardDetail()" class="cardDetail-close" oly-move-focus="">
        <i class="icon-close_x"></i><span class="sr-only">Close details</span></a>

    <div class="_cardDetail-content"></div>

</div></wow-card><!-- end ngRepeat: card in cards track by card.isotopeId --><wow-card ng-repeat="card in cards track by card.isotopeId" card="card" class="isotope-item card-directive" ng-class="::{'detail-wrapper': card.isDetail, 'isMoved' : card.isMoved}" data-isotope-order="170" id="8c3b833b-abee-185e-5bb1-d2c2b4959001" tabindex="-1" oly-repeat-finished="onFinishRender()"><span class="_card"><wow-shelf-bundle bundle="bundle" initial-product="bundle.Products[0].Stockcode" flipped="flipped"><div class="flipper flipper--horizontal u-noOutline is-flipped" ng-transclude="" flipped="flipped" style="overflow: hidden;">
    <div class="flipper-side flipper-front u-noOutline" ng-transclude="" tabindex="-1">
        <!-- ngRepeat: product in ::bundle.Products --><wow-shelf-product product="::product" has-variants="::bundle.Products.length > 1" ng-repeat="product in ::bundle.Products" ng-show="product.Stockcode === selectedStockcode" class=""><div class="shelfProductStamp card u-noOutline shelfProductStamp--regular enable-center-product-tag" data-stockcode="783101" tabindex="-1" ng-class="{
         'shelfProductStamp--regular' : !isdetail,
         'is-largeFormat': forceLargeFormatView,
         'is-smallFormat': forceSmallFormatView,
         'md-responsive' : sfResponsiveSize.medium,
         'lg-responsive' : sfResponsiveSize.large,
         'sm-responsive' : sfResponsiveSize.small,
         'xs-responsive' : sfResponsiveSize.xSmall,
         'enable-center-product-tag' : !forceDisableCenterProductTag
     }">

    <div class="shelfProductStamp-mainContainer">

        <div class="shelfProductStamp-content row">
            <div class="shelfProductStamp-imageTagsContainer" ng-switch="::(!!product.ImageTag.TagLink)">
                <img ng-src="/Content/wowProductImages/medium/783101.JPG" alt="" class="shelfProductStamp-productImage u-noOutline u-cursor-pointer" ng-click="showProductDetail($event)" ng-class="::{'u-cursor-pointer': canOpenDetail}" src="/Content/wowProductImages/medium/783101.JPG">

                <!-- ngSwitchWhen: true -->
                <!-- ngSwitchWhen: false --><span ng-switch-when="false" class="shelfProductStamp-leftTag" ng-click="gtmStaticTagClickPush()">
                    <img ng-show="::(product.ImageTag &amp;&amp; product.ImageTag.TagContent)" ng-src="" alt="" class="shelfProductStamp-leftTagImage ng-hide">
                </span><!-- end ngSwitchWhen: -->

            </div>

            <div class="shelfProductStamp-productName">
                <h3 class="shelfProductStamp-productNameInner">
                    <!-- ngIf: ::canOpenDetail --><a ng-click="showProductDetail($event)" class="shelfProductStamp-productNameInnerDescription" ng-class="::{'noVariants': !hasVariants}" ng-href="/Shop/Search/Products?searchTerm=almonds&amp;name=sunbeam-almonds-flaked&amp;productId=783101" ng-if="::canOpenDetail" aria-label="Sunbeam Almonds Flaked 300g" title="Sunbeam Almonds Flaked 300g" href="/Shop/Search/Products?searchTerm=almonds&amp;name=sunbeam-almonds-flaked&amp;productId=783101">
                        <!-- ngIf: !displaySmallFormatVersion() && !isdetail && hasVariants --><span class="shelfProductStamp-productDetailsLink" ng-if="!displaySmallFormatVersion() &amp;&amp; !isdetail &amp;&amp; hasVariants" ng-bind-html="::(product.Description | sanitize)"> Sunbeam Almonds Flaked 300g</span><!-- end ngIf: !displaySmallFormatVersion() && !isdetail && hasVariants -->
                        <!-- ngIf: displaySmallFormatVersion() || isdetail || !hasVariants -->
                        <br>
                        <!-- ngIf: displaySmallFormatVersion() || isdetail || !hasVariants -->
                    </a><!-- end ngIf: ::canOpenDetail -->
                    <!-- ngIf: ::!canOpenDetail -->
                </h3>

                <!-- ngIf: ::hasVariants --><a href="javascript://" class="shelfProductStamp-variantsLink _hideOnScroll" ng-if="::hasVariants" ng-click="gtmProductClickDataPush()" wow-flipper-toggle="">
                    <i class="icon-viewall shelfProductStamp-variantsIcon"></i> View All Sizes
                </a><!-- end ngIf: ::hasVariants -->
            </div>
            <div class="shelfProductStamp-centerProductTagContainer">
                <!-- ngIf: ::showCenterTag -->
            </div>
            <div class="shelfProductStamp-header u-ngFade">
                <wow-saved-list-product-stamp-ctrl product="::product" isdetail="isdetail"><div class="shelfProductStamp-savedLists cardViewCompactSavedToList" ng-class="{'cardViewCompactSavedToList': !isdetail}">
    <div class="shelfProductStamp-savedLists-saveToListContainer" ng-show="!isListEditMode()">
        <a href="javascript:;" ng-show="saveToListStateDefault()" ng-click="saveToDefaultList()" class="saveToList-link _saveToDefaultList saveToList-link-text saveToList-link-default">
            Save <span class="sr-only">Sunbeam Almonds Flaked</span> to list<i class="icon-savetolist saveToList-icon-list"></i>
        </a>

        <div ng-show="saveToListStateSavedToList()" class="saveToList-link-saved saveToList-link-text ng-hide">
            Saved <span class="sr-only">Sunbeam Almonds Flaked</span> to <a class="saveToList-link-text-link _saveToListLink" href="javascript:;" ng-click="toggleSavedListsDropdown()"></a>
            <i class="icon-tick saveToList-icon-tick"></i>
        </div>

        <ul ng-show="showSavedListsDropdown()" class="saveToList-listSelection-items saveToList-listSelection ng-hide">
            <!-- ngRepeat: list in savedListsSelection -->
        </ul>
    </div>

    <a href="javascript:;" class="shelfProductStamp-savedLists-editModeRemoveIconContainer ng-hide" ng-show="isListEditMode() &amp;&amp; !isdetail" ng-click="deleteListItem()">
        <span class="sr-only">Remove Sunbeam Almonds Flaked from list</span><i class="removeIcon icon-close_x"></i>
    </a>
</div></wow-saved-list-product-stamp-ctrl>
            </div>

            <!-- ngIf: (showFooter || showCenterTag) -->

            <wow-shelf-product-pricing-container class="shelfProductStamp-pricingContainer" product="::product"><!-- ngIf: ::(!featuresEnabled) -->

<!-- ngIf: ::featuresEnabled --><div class="pricingContainer pricingContainer--grid u-ngFade noCenterTag" ng-class="::{'noCenterTag': !showCenterTag}" ng-if="::featuresEnabled">
    <!-- ngIf: ::(product.IsOnSpecial && !product.HideWasSavedPrice) -->
    <div class="pricingContainer-priceContainer">
        <span class="pricingContainer-priceAmount" ng-class="::specialClass">$10.75</span>
        <!-- ngIf: ::product.CupPrice --><span ng-if="::product.CupPrice" class="pricingContainer-priceCup">
            $35.83 / 1KG
        </span><!-- end ngIf: ::product.CupPrice -->
    </div>
</div><!-- end ngIf: ::featuresEnabled --></wow-shelf-product-pricing-container>

            <wow-trolley-controls class="u-ngFade" product="::product" use-trolley-quantity="true"><form role="form" ng-submit="addOrUpdate()" class="trolley-controls  _hideOnScroll ng-valid-maxlength" ng-show="true">
    <!-- ngIf: trolleyControlMessage --><span class="sr-only" role="status" aria-live="polite" aria-atomic="true" ng-bind="message" message="selected quantity is 1." ng-if="trolleyControlMessage">selected quantity is 1.</span><!-- end ngIf: trolleyControlMessage -->

    <div role="group" aria-label="Sunbeam Almonds Flaked">
        <button type="button" class="trolley-quantity-button trolley-quantity-decrement disabled" ng-click="decrement()" ng-class="{'disabled': isDecrementDisabled}">
            <span class="sr-only">Decrease  order amount</span><i class="icon-quantity_minus trolley-quantity-minus"></i>
        </button>
        <button type="button" class="trolley-quantity-button trolley-quantity-increment" ng-click="increment()" ng-class="{'disabled': isIncrementDisabled}">
            <span class="sr-only">Increase  order amount</span><i class="icon-quantity_plus trolley-quantity-plus"></i>
        </button>
        <label for="73eb2a8f-8356-fea9-c6bf-e6211edb636a">
            <span class="sr-only">Order quantity</span>
        </label>
        <input type="text" class="quantity-input ng-pristine ng-untouched ng-valid ng-valid-maxlength" id="73eb2a8f-8356-fea9-c6bf-e6211edb636a" ng-class="{'kilograms disabled': isInKilograms}" ng-disabled="::isInKilograms" ng-model="::updateQuantity" ng-model-options="::{ getterSetter: true, updateOn: 'default blur', debounce: { default: 200, blur: 0 } }" ng-blur="::blur()" maxlength="5">
        <button type="submit" class="button button--primary add-to-trolley-button" ng-class="{'disabled': showDisabledState()}" ng-show="::showAddOrUpdate">
            <span class="_quantity-input-value">Add</span> <span class="sr-only">item to trolley</span>
        </button>
    </div>
</form>
<!-- ngIf: modalMessage --></wow-trolley-controls>

            <div class="trolley-controls _hideOnScroll ng-hide" ng-show="false">
                <div class="button button--comms shelfProductStamp-unAvailable">
                    Unavailable
                </div>
            </div>

        </div>

        <div class="shelfProductStamp-selectedPointer ng-hide" ng-class="::{'shelfProductStamp-selectedPointer--footerEnabled': product.IsFooterEnabled}" ng-show="selectedPointer()"></div>
    </div>
    <!-- ngIf: ::showFooter -->
</div></wow-shelf-product><!-- end ngRepeat: product in ::bundle.Products --><wow-shelf-product product="::product" has-variants="::bundle.Products.length > 1" ng-repeat="product in ::bundle.Products" ng-show="product.Stockcode === selectedStockcode" class="ng-hide"><div class="shelfProductStamp card u-noOutline shelfProductStamp--regular enable-center-product-tag" data-stockcode="251055" tabindex="-1" ng-class="{
         'shelfProductStamp--regular' : !isdetail,
         'is-largeFormat': forceLargeFormatView,
         'is-smallFormat': forceSmallFormatView,
         'md-responsive' : sfResponsiveSize.medium,
         'lg-responsive' : sfResponsiveSize.large,
         'sm-responsive' : sfResponsiveSize.small,
         'xs-responsive' : sfResponsiveSize.xSmall,
         'enable-center-product-tag' : !forceDisableCenterProductTag
     }">

    <div class="shelfProductStamp-mainContainer">

        <div class="shelfProductStamp-content row">
            <div class="shelfProductStamp-imageTagsContainer" ng-switch="::(!!product.ImageTag.TagLink)">
                <img ng-src="/Content/wowProductImages/medium/251055.jpg" alt="" class="shelfProductStamp-productImage u-noOutline u-cursor-pointer" ng-click="showProductDetail($event)" ng-class="::{'u-cursor-pointer': canOpenDetail}" src="/Content/wowProductImages/medium/251055.jpg">

                <!-- ngSwitchWhen: true -->
                <!-- ngSwitchWhen: false --><span ng-switch-when="false" class="shelfProductStamp-leftTag" ng-click="gtmStaticTagClickPush()">
                    <img ng-show="::(product.ImageTag &amp;&amp; product.ImageTag.TagContent)" ng-src="/Content/PromotionTags/final-special.png" alt="On Special" class="shelfProductStamp-leftTagImage" src="/Content/PromotionTags/final-special.png">
                </span><!-- end ngSwitchWhen: -->

            </div>

            <div class="shelfProductStamp-productName">
                <h3 class="shelfProductStamp-productNameInner">
                    <!-- ngIf: ::canOpenDetail --><a ng-click="showProductDetail($event)" class="shelfProductStamp-productNameInnerDescription" ng-class="::{'noVariants': !hasVariants}" ng-href="/Shop/Search/Products?searchTerm=almonds&amp;name=sunbeam-almonds-flaked&amp;productId=251055" ng-if="::canOpenDetail" aria-label="Sunbeam Almonds Flaked 100g" title="Sunbeam Almonds Flaked 100g" href="/Shop/Search/Products?searchTerm=almonds&amp;name=sunbeam-almonds-flaked&amp;productId=251055">
                        <!-- ngIf: !displaySmallFormatVersion() && !isdetail && hasVariants --><span class="shelfProductStamp-productDetailsLink" ng-if="!displaySmallFormatVersion() &amp;&amp; !isdetail &amp;&amp; hasVariants" ng-bind-html="::(product.Description | sanitize)"> Sunbeam Almonds Flaked 100g</span><!-- end ngIf: !displaySmallFormatVersion() && !isdetail && hasVariants -->
                        <!-- ngIf: displaySmallFormatVersion() || isdetail || !hasVariants -->
                        <br>
                        <!-- ngIf: displaySmallFormatVersion() || isdetail || !hasVariants -->
                    </a><!-- end ngIf: ::canOpenDetail -->
                    <!-- ngIf: ::!canOpenDetail -->
                </h3>

                <!-- ngIf: ::hasVariants --><a href="javascript://" class="shelfProductStamp-variantsLink _hideOnScroll" ng-if="::hasVariants" ng-click="gtmProductClickDataPush()" wow-flipper-toggle="">
                    <i class="icon-viewall shelfProductStamp-variantsIcon"></i> View All Sizes
                </a><!-- end ngIf: ::hasVariants -->
            </div>
            <div class="shelfProductStamp-centerProductTagContainer">
                <!-- ngIf: ::showCenterTag -->
            </div>
            <div class="shelfProductStamp-header u-ngFade">
                <wow-saved-list-product-stamp-ctrl product="::product" isdetail="isdetail"><div class="shelfProductStamp-savedLists cardViewCompactSavedToList" ng-class="{'cardViewCompactSavedToList': !isdetail}">
    <div class="shelfProductStamp-savedLists-saveToListContainer" ng-show="!isListEditMode()">
        <a href="javascript:;" ng-show="saveToListStateDefault()" ng-click="saveToDefaultList()" class="saveToList-link _saveToDefaultList saveToList-link-text saveToList-link-default">
            Save <span class="sr-only">Sunbeam Almonds Flaked</span> to list<i class="icon-savetolist saveToList-icon-list"></i>
        </a>

        <div ng-show="saveToListStateSavedToList()" class="saveToList-link-saved saveToList-link-text ng-hide">
            Saved <span class="sr-only">Sunbeam Almonds Flaked</span> to <a class="saveToList-link-text-link _saveToListLink" href="javascript:;" ng-click="toggleSavedListsDropdown()"></a>
            <i class="icon-tick saveToList-icon-tick"></i>
        </div>

        <ul ng-show="showSavedListsDropdown()" class="saveToList-listSelection-items saveToList-listSelection ng-hide">
            <!-- ngRepeat: list in savedListsSelection -->
        </ul>
    </div>

    <a href="javascript:;" class="shelfProductStamp-savedLists-editModeRemoveIconContainer ng-hide" ng-show="isListEditMode() &amp;&amp; !isdetail" ng-click="deleteListItem()">
        <span class="sr-only">Remove Sunbeam Almonds Flaked from list</span><i class="removeIcon icon-close_x"></i>
    </a>
</div></wow-saved-list-product-stamp-ctrl>
            </div>

            <!-- ngIf: (showFooter || showCenterTag) -->

            <wow-shelf-product-pricing-container class="shelfProductStamp-pricingContainer" product="::product"><!-- ngIf: ::(!featuresEnabled) -->

<!-- ngIf: ::featuresEnabled --><div class="pricingContainer pricingContainer--grid u-ngFade noCenterTag" ng-class="::{'noCenterTag': !showCenterTag}" ng-if="::featuresEnabled">
    <!-- ngIf: ::(product.IsOnSpecial && !product.HideWasSavedPrice) --><div class="pricingContainer-saveWrapper" ng-if="::(product.IsOnSpecial &amp;&amp; !product.HideWasSavedPrice)">
        <div class="pricingContainer-saveContainer">
            <span class="pricingContainer-saveHeading">SAVE</span>
            <span class="pricingContainer-savePrice">$1.00</span>
        </div>
    </div><!-- end ngIf: ::(product.IsOnSpecial && !product.HideWasSavedPrice) -->
    <div class="pricingContainer-priceContainer">
        <span class="pricingContainer-priceAmount u-special" ng-class="::specialClass">$4.00</span>
        <!-- ngIf: ::product.CupPrice --><span ng-if="::product.CupPrice" class="pricingContainer-priceCup">
            $40.00 / 1KG
        </span><!-- end ngIf: ::product.CupPrice -->
    </div>
</div><!-- end ngIf: ::featuresEnabled --></wow-shelf-product-pricing-container>

            <wow-trolley-controls class="u-ngFade" product="::product" use-trolley-quantity="true"><form role="form" ng-submit="addOrUpdate()" class="trolley-controls  _hideOnScroll ng-valid-maxlength" ng-show="true">
    <!-- ngIf: trolleyControlMessage --><span class="sr-only" role="status" aria-live="polite" aria-atomic="true" ng-bind="message" message="selected quantity is 1." ng-if="trolleyControlMessage">selected quantity is 1.</span><!-- end ngIf: trolleyControlMessage -->

    <div role="group" aria-label="Sunbeam Almonds Flaked">
        <button type="button" class="trolley-quantity-button trolley-quantity-decrement disabled" ng-click="decrement()" ng-class="{'disabled': isDecrementDisabled}">
            <span class="sr-only">Decrease  order amount</span><i class="icon-quantity_minus trolley-quantity-minus"></i>
        </button>
        <button type="button" class="trolley-quantity-button trolley-quantity-increment" ng-click="increment()" ng-class="{'disabled': isIncrementDisabled}">
            <span class="sr-only">Increase  order amount</span><i class="icon-quantity_plus trolley-quantity-plus"></i>
        </button>
        <label for="bc095d37-4b5d-e99b-d755-04ca860a559d">
            <span class="sr-only">Order quantity</span>
        </label>
        <input type="text" class="quantity-input ng-pristine ng-untouched ng-valid ng-valid-maxlength" id="bc095d37-4b5d-e99b-d755-04ca860a559d" ng-class="{'kilograms disabled': isInKilograms}" ng-disabled="::isInKilograms" ng-model="::updateQuantity" ng-model-options="::{ getterSetter: true, updateOn: 'default blur', debounce: { default: 200, blur: 0 } }" ng-blur="::blur()" maxlength="5">
        <button type="submit" class="button button--primary add-to-trolley-button" ng-class="{'disabled': showDisabledState()}" ng-show="::showAddOrUpdate">
            <span class="_quantity-input-value">Add</span> <span class="sr-only">item to trolley</span>
        </button>
    </div>
</form>
<!-- ngIf: modalMessage --></wow-trolley-controls>

            <div class="trolley-controls _hideOnScroll ng-hide" ng-show="false">
                <div class="button button--comms shelfProductStamp-unAvailable">
                    Unavailable
                </div>
            </div>

        </div>

        <div class="shelfProductStamp-selectedPointer ng-hide" ng-class="::{'shelfProductStamp-selectedPointer--footerEnabled': product.IsFooterEnabled}" ng-show="selectedPointer()"></div>
    </div>
    <!-- ngIf: ::showFooter -->
</div></wow-shelf-product><!-- end ngRepeat: product in ::bundle.Products -->
    </div>

    <div class="flipper-side flipper-back u-noOutline flipper-side--short" ng-transclude="" tabindex="-1">
        <!-- ngIf: ::(bundle.Products.length > 1) --><wow-shelf-variants ng-if="::(bundle.Products.length > 1)" bundle="::bundle" select-product="::selectStockcode(stockcode)" class=""><div class="productVariants productVariants--grid productVariants--2 clearfix card productVariants--columns" ng-class="{'productVariants--columns': isColumns}">
    <h2 class="productVariants-title" ng-bind-html="bundle.Name | sanitize"> Sunbeam Flaked Almonds </h2>

    <ul class="productVariants-list">
        <!-- ngRepeat: product in ::bundle.Products | orderBy:'UnitWeightInGrams' --><li class="productVariants-item clearfix" ng-repeat="product in ::bundle.Products | orderBy:'UnitWeightInGrams'" ng-click="selectProduct({stockcode: product.Stockcode})">
            <wow-shelf-variant product="product" size="variantStampSize">&#65279;<a href="javascript://" class="productVariant productVariant--xlarge" ng-click="gtmProductClickDataPush()" wow-flipper-toggle="">
    <div class="productVariant-details">
        <div class="productVariant-variant">
            100g
        </div>

        <div class="productVariant-prices">
            <div class="productVariant-price u-special" ng-class="specialClass">
                $4.00
            </div>

            <div class="productVariant-cup" ng-show="product.HasCupPrice">
                $40.00 / 1KG
            </div>
        </div>
    </div>

    <div class="productVariant-thumbnail">
        <!-- ngIf: product.ImageTag.TagContent --><img ng-if="product.ImageTag.TagContent" ng-src="/Content/PromotionTags/final-special.png" alt="On Special" class="productVariant-specialTag" src="/Content/PromotionTags/final-special.png"><!-- end ngIf: product.ImageTag.TagContent -->

        <!-- ngIf: size != 'xsmall' --><img ng-if="size != 'xsmall'" ng-src="/Content/wowProductImages/small/251055.jpg" alt="Sunbeam Almonds Flaked" class="productVariant-image" src="/Content/wowProductImages/small/251055.jpg"><!-- end ngIf: size != 'xsmall' -->
    </div>
</a></wow-shelf-variant>
        </li><!-- end ngRepeat: product in ::bundle.Products | orderBy:'UnitWeightInGrams' --><li class="productVariants-item clearfix" ng-repeat="product in ::bundle.Products | orderBy:'UnitWeightInGrams'" ng-click="selectProduct({stockcode: product.Stockcode})">
            <wow-shelf-variant product="product" size="variantStampSize">&#65279;<a href="javascript://" class="productVariant productVariant--xlarge" ng-click="gtmProductClickDataPush()" wow-flipper-toggle="">
    <div class="productVariant-details">
        <div class="productVariant-variant">
            300g
        </div>

        <div class="productVariant-prices">
            <div class="productVariant-price" ng-class="specialClass">
                $10.75
            </div>

            <div class="productVariant-cup" ng-show="product.HasCupPrice">
                $35.83 / 1KG
            </div>
        </div>
    </div>

    <div class="productVariant-thumbnail">
        <!-- ngIf: product.ImageTag.TagContent -->

        <!-- ngIf: size != 'xsmall' --><img ng-if="size != 'xsmall'" ng-src="/Content/wowProductImages/small/783101.JPG" alt="Sunbeam Almonds Flaked" class="productVariant-image" src="/Content/wowProductImages/small/783101.JPG"><!-- end ngIf: size != 'xsmall' -->
    </div>
</a></wow-shelf-variant>
        </li><!-- end ngRepeat: product in ::bundle.Products | orderBy:'UnitWeightInGrams' -->
    </ul>
</div></wow-shelf-variants><!-- end ngIf: ::(bundle.Products.length > 1) -->
    </div>
</div></wow-shelf-bundle></span>

<div class="cardDetail-container ng-hide" ng-show="::card.isDetail">

    <a href="javascript:;" ng-click="cardCtrl.closeCardDetail()" class="cardDetail-close" oly-move-focus="">
        <i class="icon-close_x"></i><span class="sr-only">Close details</span></a>

    <div class="_cardDetail-content"></div>

</div></wow-card><!-- end ngRepeat: card in cards track by card.isotopeId --><wow-card ng-repeat="card in cards track by card.isotopeId" card="card" class="isotope-item card-directive" ng-class="::{'detail-wrapper': card.isDetail, 'isMoved' : card.isMoved}" data-isotope-order="180" id="581caba6-3d91-4987-92f2-6436fba140bf" tabindex="-1" oly-repeat-finished="onFinishRender()"><span class="_card"><wow-shelf-product product="product"><div class="shelfProductStamp card u-noOutline shelfProductStamp--regular enable-center-product-tag" data-stockcode="251055" tabindex="-1" ng-class="{
         'shelfProductStamp--regular' : !isdetail,
         'is-largeFormat': forceLargeFormatView,
         'is-smallFormat': forceSmallFormatView,
         'md-responsive' : sfResponsiveSize.medium,
         'lg-responsive' : sfResponsiveSize.large,
         'sm-responsive' : sfResponsiveSize.small,
         'xs-responsive' : sfResponsiveSize.xSmall,
         'enable-center-product-tag' : !forceDisableCenterProductTag
     }">

    <div class="shelfProductStamp-mainContainer">

        <div class="shelfProductStamp-content row">
            <div class="shelfProductStamp-imageTagsContainer" ng-switch="::(!!product.ImageTag.TagLink)">
                <img ng-src="/Content/wowProductImages/medium/251055.jpg" alt="" class="shelfProductStamp-productImage u-noOutline u-cursor-pointer" ng-click="showProductDetail($event)" ng-class="::{'u-cursor-pointer': canOpenDetail}" src="/Content/wowProductImages/medium/251055.jpg">

                <!-- ngSwitchWhen: true -->
                <!-- ngSwitchWhen: false --><span ng-switch-when="false" class="shelfProductStamp-leftTag" ng-click="gtmStaticTagClickPush()">
                    <img ng-show="::(product.ImageTag &amp;&amp; product.ImageTag.TagContent)" ng-src="/Content/PromotionTags/final-special.png" alt="On Special" class="shelfProductStamp-leftTagImage" src="/Content/PromotionTags/final-special.png">
                </span><!-- end ngSwitchWhen: -->

            </div>

            <div class="shelfProductStamp-productName">
                <h3 class="shelfProductStamp-productNameInner">
                    <!-- ngIf: ::canOpenDetail --><a ng-click="showProductDetail($event)" class="shelfProductStamp-productNameInnerDescription noVariants" ng-class="::{'noVariants': !hasVariants}" ng-href="/Shop/Search/Products?searchTerm=almonds&amp;name=sunbeam-almonds-flaked&amp;productId=251055" ng-if="::canOpenDetail" aria-label="Sunbeam Almonds Flaked 100g" title="Sunbeam Almonds Flaked 100g" href="/Shop/Search/Products?searchTerm=almonds&amp;name=sunbeam-almonds-flaked&amp;productId=251055">
                        <!-- ngIf: !displaySmallFormatVersion() && !isdetail && hasVariants -->
                        <!-- ngIf: displaySmallFormatVersion() || isdetail || !hasVariants --><span class="shelfProductStamp-productDetailsLink" ng-if="displaySmallFormatVersion() || isdetail || !hasVariants" ng-bind-html="::(product.SmallFormatDescription | sanitize)">Sunbeam Almonds Flaked</span><!-- end ngIf: displaySmallFormatVersion() || isdetail || !hasVariants -->
                        <br>
                        <!-- ngIf: displaySmallFormatVersion() || isdetail || !hasVariants --><span class="shelfProductStamp-productDetailsPackageSize" ng-if="displaySmallFormatVersion() || isdetail || !hasVariants"> 100g</span><!-- end ngIf: displaySmallFormatVersion() || isdetail || !hasVariants -->
                    </a><!-- end ngIf: ::canOpenDetail -->
                    <!-- ngIf: ::!canOpenDetail -->
                </h3>

                <!-- ngIf: ::hasVariants -->
            </div>
            <div class="shelfProductStamp-centerProductTagContainer">
                <!-- ngIf: ::showCenterTag -->
            </div>
            <div class="shelfProductStamp-header u-ngFade">
                <wow-saved-list-product-stamp-ctrl product="::product" isdetail="isdetail"><div class="shelfProductStamp-savedLists cardViewCompactSavedToList" ng-class="{'cardViewCompactSavedToList': !isdetail}">
    <div class="shelfProductStamp-savedLists-saveToListContainer" ng-show="!isListEditMode()">
        <a href="javascript:;" ng-show="saveToListStateDefault()" ng-click="saveToDefaultList()" class="saveToList-link _saveToDefaultList saveToList-link-text saveToList-link-default">
            Save <span class="sr-only">Sunbeam Almonds Flaked</span> to list<i class="icon-savetolist saveToList-icon-list"></i>
        </a>

        <div ng-show="saveToListStateSavedToList()" class="saveToList-link-saved saveToList-link-text ng-hide">
            Saved <span class="sr-only">Sunbeam Almonds Flaked</span> to <a class="saveToList-link-text-link _saveToListLink" href="javascript:;" ng-click="toggleSavedListsDropdown()"></a>
            <i class="icon-tick saveToList-icon-tick"></i>
        </div>

        <ul ng-show="showSavedListsDropdown()" class="saveToList-listSelection-items saveToList-listSelection ng-hide">
            <!-- ngRepeat: list in savedListsSelection -->
        </ul>
    </div>

    <a href="javascript:;" class="shelfProductStamp-savedLists-editModeRemoveIconContainer ng-hide" ng-show="isListEditMode() &amp;&amp; !isdetail" ng-click="deleteListItem()">
        <span class="sr-only">Remove Sunbeam Almonds Flaked from list</span><i class="removeIcon icon-close_x"></i>
    </a>
</div></wow-saved-list-product-stamp-ctrl>
            </div>

            <!-- ngIf: (showFooter || showCenterTag) -->

            <wow-shelf-product-pricing-container class="shelfProductStamp-pricingContainer" product="::product"><!-- ngIf: ::(!featuresEnabled) -->

<!-- ngIf: ::featuresEnabled --><div class="pricingContainer pricingContainer--grid u-ngFade noCenterTag" ng-class="::{'noCenterTag': !showCenterTag}" ng-if="::featuresEnabled">
    <!-- ngIf: ::(product.IsOnSpecial && !product.HideWasSavedPrice) --><div class="pricingContainer-saveWrapper" ng-if="::(product.IsOnSpecial &amp;&amp; !product.HideWasSavedPrice)">
        <div class="pricingContainer-saveContainer">
            <span class="pricingContainer-saveHeading">SAVE</span>
            <span class="pricingContainer-savePrice">$1.00</span>
        </div>
    </div><!-- end ngIf: ::(product.IsOnSpecial && !product.HideWasSavedPrice) -->
    <div class="pricingContainer-priceContainer">
        <span class="pricingContainer-priceAmount u-special" ng-class="::specialClass">$4.00</span>
        <!-- ngIf: ::product.CupPrice --><span ng-if="::product.CupPrice" class="pricingContainer-priceCup">
            $40.00 / 1KG
        </span><!-- end ngIf: ::product.CupPrice -->
    </div>
</div><!-- end ngIf: ::featuresEnabled --></wow-shelf-product-pricing-container>

            <wow-trolley-controls class="u-ngFade" product="::product" use-trolley-quantity="true"><form role="form" ng-submit="addOrUpdate()" class="trolley-controls  _hideOnScroll ng-valid-maxlength" ng-show="true">
    <!-- ngIf: trolleyControlMessage --><span class="sr-only" role="status" aria-live="polite" aria-atomic="true" ng-bind="message" message="selected quantity is 1." ng-if="trolleyControlMessage">selected quantity is 1.</span><!-- end ngIf: trolleyControlMessage -->

    <div role="group" aria-label="Sunbeam Almonds Flaked">
        <button type="button" class="trolley-quantity-button trolley-quantity-decrement disabled" ng-click="decrement()" ng-class="{'disabled': isDecrementDisabled}">
            <span class="sr-only">Decrease  order amount</span><i class="icon-quantity_minus trolley-quantity-minus"></i>
        </button>
        <button type="button" class="trolley-quantity-button trolley-quantity-increment" ng-click="increment()" ng-class="{'disabled': isIncrementDisabled}">
            <span class="sr-only">Increase  order amount</span><i class="icon-quantity_plus trolley-quantity-plus"></i>
        </button>
        <label for="fac32953-b8a7-0d20-968d-423246e7b378">
            <span class="sr-only">Order quantity</span>
        </label>
        <input type="text" class="quantity-input ng-pristine ng-untouched ng-valid ng-valid-maxlength" id="fac32953-b8a7-0d20-968d-423246e7b378" ng-class="{'kilograms disabled': isInKilograms}" ng-disabled="::isInKilograms" ng-model="::updateQuantity" ng-model-options="::{ getterSetter: true, updateOn: 'default blur', debounce: { default: 200, blur: 0 } }" ng-blur="::blur()" maxlength="5">
        <button type="submit" class="button button--primary add-to-trolley-button" ng-class="{'disabled': showDisabledState()}" ng-show="::showAddOrUpdate">
            <span class="_quantity-input-value">Add</span> <span class="sr-only">item to trolley</span>
        </button>
    </div>
</form>
<!-- ngIf: modalMessage --></wow-trolley-controls>

            <div class="trolley-controls _hideOnScroll ng-hide" ng-show="false">
                <div class="button button--comms shelfProductStamp-unAvailable">
                    Unavailable
                </div>
            </div>

        </div>

        <div class="shelfProductStamp-selectedPointer ng-hide" ng-class="::{'shelfProductStamp-selectedPointer--footerEnabled': product.IsFooterEnabled}" ng-show="selectedPointer()"></div>
    </div>
    <!-- ngIf: ::showFooter -->
</div></wow-shelf-product></span>

<div class="cardDetail-container ng-hide" ng-show="::card.isDetail">

    <a href="javascript:;" ng-click="cardCtrl.closeCardDetail()" class="cardDetail-close" oly-move-focus="">
        <i class="icon-close_x"></i><span class="sr-only">Close details</span></a>

    <div class="_cardDetail-content"></div>

</div></wow-card><!-- end ngRepeat: card in cards track by card.isotopeId --><wow-card ng-repeat="card in cards track by card.isotopeId" card="card" class="isotope-item card-directive" ng-class="::{'detail-wrapper': card.isDetail, 'isMoved' : card.isMoved}" data-isotope-order="190" id="514cc878-09ed-48fd-8d71-c0a23885dc25" tabindex="-1" oly-repeat-finished="onFinishRender()"><span class="_card"><wow-shelf-bundle bundle="bundle" initial-product="bundle.Products[0].Stockcode" flipped="flipped"><div class="flipper flipper--horizontal u-noOutline is-flipped" ng-transclude="" flipped="flipped" style="overflow: hidden;">
    <div class="flipper-side flipper-front u-noOutline" ng-transclude="" tabindex="-1">
        <!-- ngRepeat: product in ::bundle.Products --><wow-shelf-product product="::product" has-variants="::bundle.Products.length > 1" ng-repeat="product in ::bundle.Products" ng-show="product.Stockcode === selectedStockcode" class=""><div class="shelfProductStamp card u-noOutline shelfProductStamp--regular enable-center-product-tag" data-stockcode="783100" tabindex="-1" ng-class="{
         'shelfProductStamp--regular' : !isdetail,
         'is-largeFormat': forceLargeFormatView,
         'is-smallFormat': forceSmallFormatView,
         'md-responsive' : sfResponsiveSize.medium,
         'lg-responsive' : sfResponsiveSize.large,
         'sm-responsive' : sfResponsiveSize.small,
         'xs-responsive' : sfResponsiveSize.xSmall,
         'enable-center-product-tag' : !forceDisableCenterProductTag
     }">

    <div class="shelfProductStamp-mainContainer">

        <div class="shelfProductStamp-content row">
            <div class="shelfProductStamp-imageTagsContainer" ng-switch="::(!!product.ImageTag.TagLink)">
                <img ng-src="/Content/wowProductImages/medium/783100.JPG" alt="" class="shelfProductStamp-productImage u-noOutline u-cursor-pointer" ng-click="showProductDetail($event)" ng-class="::{'u-cursor-pointer': canOpenDetail}" src="/Content/wowProductImages/medium/783100.JPG">

                <!-- ngSwitchWhen: true -->
                <!-- ngSwitchWhen: false --><span ng-switch-when="false" class="shelfProductStamp-leftTag" ng-click="gtmStaticTagClickPush()">
                    <img ng-show="::(product.ImageTag &amp;&amp; product.ImageTag.TagContent)" ng-src="" alt="" class="shelfProductStamp-leftTagImage ng-hide">
                </span><!-- end ngSwitchWhen: -->

            </div>

            <div class="shelfProductStamp-productName">
                <h3 class="shelfProductStamp-productNameInner">
                    <!-- ngIf: ::canOpenDetail --><a ng-click="showProductDetail($event)" class="shelfProductStamp-productNameInnerDescription" ng-class="::{'noVariants': !hasVariants}" ng-href="/Shop/Search/Products?searchTerm=almonds&amp;name=sunbeam-almonds-slivered&amp;productId=783100" ng-if="::canOpenDetail" aria-label="Sunbeam Almonds Slivered 300g" title="Sunbeam Almonds Slivered 300g" href="/Shop/Search/Products?searchTerm=almonds&amp;name=sunbeam-almonds-slivered&amp;productId=783100">
                        <!-- ngIf: !displaySmallFormatVersion() && !isdetail && hasVariants --><span class="shelfProductStamp-productDetailsLink" ng-if="!displaySmallFormatVersion() &amp;&amp; !isdetail &amp;&amp; hasVariants" ng-bind-html="::(product.Description | sanitize)"> Sunbeam Almonds Slivered 300g</span><!-- end ngIf: !displaySmallFormatVersion() && !isdetail && hasVariants -->
                        <!-- ngIf: displaySmallFormatVersion() || isdetail || !hasVariants -->
                        <br>
                        <!-- ngIf: displaySmallFormatVersion() || isdetail || !hasVariants -->
                    </a><!-- end ngIf: ::canOpenDetail -->
                    <!-- ngIf: ::!canOpenDetail -->
                </h3>

                <!-- ngIf: ::hasVariants --><a href="javascript://" class="shelfProductStamp-variantsLink _hideOnScroll" ng-if="::hasVariants" ng-click="gtmProductClickDataPush()" wow-flipper-toggle="">
                    <i class="icon-viewall shelfProductStamp-variantsIcon"></i> View All Sizes
                </a><!-- end ngIf: ::hasVariants -->
            </div>
            <div class="shelfProductStamp-centerProductTagContainer">
                <!-- ngIf: ::showCenterTag -->
            </div>
            <div class="shelfProductStamp-header u-ngFade">
                <wow-saved-list-product-stamp-ctrl product="::product" isdetail="isdetail"><div class="shelfProductStamp-savedLists cardViewCompactSavedToList" ng-class="{'cardViewCompactSavedToList': !isdetail}">
    <div class="shelfProductStamp-savedLists-saveToListContainer" ng-show="!isListEditMode()">
        <a href="javascript:;" ng-show="saveToListStateDefault()" ng-click="saveToDefaultList()" class="saveToList-link _saveToDefaultList saveToList-link-text saveToList-link-default">
            Save <span class="sr-only">Sunbeam Almonds Slivered</span> to list<i class="icon-savetolist saveToList-icon-list"></i>
        </a>

        <div ng-show="saveToListStateSavedToList()" class="saveToList-link-saved saveToList-link-text ng-hide">
            Saved <span class="sr-only">Sunbeam Almonds Slivered</span> to <a class="saveToList-link-text-link _saveToListLink" href="javascript:;" ng-click="toggleSavedListsDropdown()"></a>
            <i class="icon-tick saveToList-icon-tick"></i>
        </div>

        <ul ng-show="showSavedListsDropdown()" class="saveToList-listSelection-items saveToList-listSelection ng-hide">
            <!-- ngRepeat: list in savedListsSelection -->
        </ul>
    </div>

    <a href="javascript:;" class="shelfProductStamp-savedLists-editModeRemoveIconContainer ng-hide" ng-show="isListEditMode() &amp;&amp; !isdetail" ng-click="deleteListItem()">
        <span class="sr-only">Remove Sunbeam Almonds Slivered from list</span><i class="removeIcon icon-close_x"></i>
    </a>
</div></wow-saved-list-product-stamp-ctrl>
            </div>

            <!-- ngIf: (showFooter || showCenterTag) -->

            <wow-shelf-product-pricing-container class="shelfProductStamp-pricingContainer" product="::product"><!-- ngIf: ::(!featuresEnabled) -->

<!-- ngIf: ::featuresEnabled --><div class="pricingContainer pricingContainer--grid u-ngFade noCenterTag" ng-class="::{'noCenterTag': !showCenterTag}" ng-if="::featuresEnabled">
    <!-- ngIf: ::(product.IsOnSpecial && !product.HideWasSavedPrice) -->
    <div class="pricingContainer-priceContainer">
        <span class="pricingContainer-priceAmount" ng-class="::specialClass">$10.75</span>
        <!-- ngIf: ::product.CupPrice --><span ng-if="::product.CupPrice" class="pricingContainer-priceCup">
            $35.83 / 1KG
        </span><!-- end ngIf: ::product.CupPrice -->
    </div>
</div><!-- end ngIf: ::featuresEnabled --></wow-shelf-product-pricing-container>

            <wow-trolley-controls class="u-ngFade" product="::product" use-trolley-quantity="true"><form role="form" ng-submit="addOrUpdate()" class="trolley-controls  _hideOnScroll ng-valid-maxlength" ng-show="true">
    <!-- ngIf: trolleyControlMessage --><span class="sr-only" role="status" aria-live="polite" aria-atomic="true" ng-bind="message" message="selected quantity is 1." ng-if="trolleyControlMessage">selected quantity is 1.</span><!-- end ngIf: trolleyControlMessage -->

    <div role="group" aria-label="Sunbeam Almonds Slivered">
        <button type="button" class="trolley-quantity-button trolley-quantity-decrement disabled" ng-click="decrement()" ng-class="{'disabled': isDecrementDisabled}">
            <span class="sr-only">Decrease  order amount</span><i class="icon-quantity_minus trolley-quantity-minus"></i>
        </button>
        <button type="button" class="trolley-quantity-button trolley-quantity-increment" ng-click="increment()" ng-class="{'disabled': isIncrementDisabled}">
            <span class="sr-only">Increase  order amount</span><i class="icon-quantity_plus trolley-quantity-plus"></i>
        </button>
        <label for="dc564881-aa0c-6d1a-2bf4-b8dca29f8d2d">
            <span class="sr-only">Order quantity</span>
        </label>
        <input type="text" class="quantity-input ng-pristine ng-untouched ng-valid ng-valid-maxlength" id="dc564881-aa0c-6d1a-2bf4-b8dca29f8d2d" ng-class="{'kilograms disabled': isInKilograms}" ng-disabled="::isInKilograms" ng-model="::updateQuantity" ng-model-options="::{ getterSetter: true, updateOn: 'default blur', debounce: { default: 200, blur: 0 } }" ng-blur="::blur()" maxlength="5">
        <button type="submit" class="button button--primary add-to-trolley-button" ng-class="{'disabled': showDisabledState()}" ng-show="::showAddOrUpdate">
            <span class="_quantity-input-value">Add</span> <span class="sr-only">item to trolley</span>
        </button>
    </div>
</form>
<!-- ngIf: modalMessage --></wow-trolley-controls>

            <div class="trolley-controls _hideOnScroll ng-hide" ng-show="false">
                <div class="button button--comms shelfProductStamp-unAvailable">
                    Unavailable
                </div>
            </div>

        </div>

        <div class="shelfProductStamp-selectedPointer ng-hide" ng-class="::{'shelfProductStamp-selectedPointer--footerEnabled': product.IsFooterEnabled}" ng-show="selectedPointer()"></div>
    </div>
    <!-- ngIf: ::showFooter -->
</div></wow-shelf-product><!-- end ngRepeat: product in ::bundle.Products --><wow-shelf-product product="::product" has-variants="::bundle.Products.length > 1" ng-repeat="product in ::bundle.Products" ng-show="product.Stockcode === selectedStockcode" class="ng-hide"><div class="shelfProductStamp card u-noOutline shelfProductStamp--regular enable-center-product-tag" data-stockcode="251057" tabindex="-1" ng-class="{
         'shelfProductStamp--regular' : !isdetail,
         'is-largeFormat': forceLargeFormatView,
         'is-smallFormat': forceSmallFormatView,
         'md-responsive' : sfResponsiveSize.medium,
         'lg-responsive' : sfResponsiveSize.large,
         'sm-responsive' : sfResponsiveSize.small,
         'xs-responsive' : sfResponsiveSize.xSmall,
         'enable-center-product-tag' : !forceDisableCenterProductTag
     }">

    <div class="shelfProductStamp-mainContainer">

        <div class="shelfProductStamp-content row">
            <div class="shelfProductStamp-imageTagsContainer" ng-switch="::(!!product.ImageTag.TagLink)">
                <img ng-src="/Content/wowProductImages/medium/251057.jpg" alt="" class="shelfProductStamp-productImage u-noOutline u-cursor-pointer" ng-click="showProductDetail($event)" ng-class="::{'u-cursor-pointer': canOpenDetail}" src="/Content/wowProductImages/medium/251057.jpg">

                <!-- ngSwitchWhen: true -->
                <!-- ngSwitchWhen: false --><span ng-switch-when="false" class="shelfProductStamp-leftTag" ng-click="gtmStaticTagClickPush()">
                    <img ng-show="::(product.ImageTag &amp;&amp; product.ImageTag.TagContent)" ng-src="/Content/PromotionTags/final-special.png" alt="On Special" class="shelfProductStamp-leftTagImage" src="/Content/PromotionTags/final-special.png">
                </span><!-- end ngSwitchWhen: -->

            </div>

            <div class="shelfProductStamp-productName">
                <h3 class="shelfProductStamp-productNameInner">
                    <!-- ngIf: ::canOpenDetail --><a ng-click="showProductDetail($event)" class="shelfProductStamp-productNameInnerDescription" ng-class="::{'noVariants': !hasVariants}" ng-href="/Shop/Search/Products?searchTerm=almonds&amp;name=sunbeam-almonds-slivered&amp;productId=251057" ng-if="::canOpenDetail" aria-label="Sunbeam Almonds Slivered 100g" title="Sunbeam Almonds Slivered 100g" href="/Shop/Search/Products?searchTerm=almonds&amp;name=sunbeam-almonds-slivered&amp;productId=251057">
                        <!-- ngIf: !displaySmallFormatVersion() && !isdetail && hasVariants --><span class="shelfProductStamp-productDetailsLink" ng-if="!displaySmallFormatVersion() &amp;&amp; !isdetail &amp;&amp; hasVariants" ng-bind-html="::(product.Description | sanitize)"> Sunbeam Almonds Slivered 100g</span><!-- end ngIf: !displaySmallFormatVersion() && !isdetail && hasVariants -->
                        <!-- ngIf: displaySmallFormatVersion() || isdetail || !hasVariants -->
                        <br>
                        <!-- ngIf: displaySmallFormatVersion() || isdetail || !hasVariants -->
                    </a><!-- end ngIf: ::canOpenDetail -->
                    <!-- ngIf: ::!canOpenDetail -->
                </h3>

                <!-- ngIf: ::hasVariants --><a href="javascript://" class="shelfProductStamp-variantsLink _hideOnScroll" ng-if="::hasVariants" ng-click="gtmProductClickDataPush()" wow-flipper-toggle="">
                    <i class="icon-viewall shelfProductStamp-variantsIcon"></i> View All Sizes
                </a><!-- end ngIf: ::hasVariants -->
            </div>
            <div class="shelfProductStamp-centerProductTagContainer">
                <!-- ngIf: ::showCenterTag -->
            </div>
            <div class="shelfProductStamp-header u-ngFade">
                <wow-saved-list-product-stamp-ctrl product="::product" isdetail="isdetail"><div class="shelfProductStamp-savedLists cardViewCompactSavedToList" ng-class="{'cardViewCompactSavedToList': !isdetail}">
    <div class="shelfProductStamp-savedLists-saveToListContainer" ng-show="!isListEditMode()">
        <a href="javascript:;" ng-show="saveToListStateDefault()" ng-click="saveToDefaultList()" class="saveToList-link _saveToDefaultList saveToList-link-text saveToList-link-default">
            Save <span class="sr-only">Sunbeam Almonds Slivered</span> to list<i class="icon-savetolist saveToList-icon-list"></i>
        </a>

        <div ng-show="saveToListStateSavedToList()" class="saveToList-link-saved saveToList-link-text ng-hide">
            Saved <span class="sr-only">Sunbeam Almonds Slivered</span> to <a class="saveToList-link-text-link _saveToListLink" href="javascript:;" ng-click="toggleSavedListsDropdown()"></a>
            <i class="icon-tick saveToList-icon-tick"></i>
        </div>

        <ul ng-show="showSavedListsDropdown()" class="saveToList-listSelection-items saveToList-listSelection ng-hide">
            <!-- ngRepeat: list in savedListsSelection -->
        </ul>
    </div>

    <a href="javascript:;" class="shelfProductStamp-savedLists-editModeRemoveIconContainer ng-hide" ng-show="isListEditMode() &amp;&amp; !isdetail" ng-click="deleteListItem()">
        <span class="sr-only">Remove Sunbeam Almonds Slivered from list</span><i class="removeIcon icon-close_x"></i>
    </a>
</div></wow-saved-list-product-stamp-ctrl>
            </div>

            <!-- ngIf: (showFooter || showCenterTag) -->

            <wow-shelf-product-pricing-container class="shelfProductStamp-pricingContainer" product="::product"><!-- ngIf: ::(!featuresEnabled) -->

<!-- ngIf: ::featuresEnabled --><div class="pricingContainer pricingContainer--grid u-ngFade noCenterTag" ng-class="::{'noCenterTag': !showCenterTag}" ng-if="::featuresEnabled">
    <!-- ngIf: ::(product.IsOnSpecial && !product.HideWasSavedPrice) --><div class="pricingContainer-saveWrapper" ng-if="::(product.IsOnSpecial &amp;&amp; !product.HideWasSavedPrice)">
        <div class="pricingContainer-saveContainer">
            <span class="pricingContainer-saveHeading">SAVE</span>
            <span class="pricingContainer-savePrice">$1.00</span>
        </div>
    </div><!-- end ngIf: ::(product.IsOnSpecial && !product.HideWasSavedPrice) -->
    <div class="pricingContainer-priceContainer">
        <span class="pricingContainer-priceAmount u-special" ng-class="::specialClass">$4.00</span>
        <!-- ngIf: ::product.CupPrice --><span ng-if="::product.CupPrice" class="pricingContainer-priceCup">
            $40.00 / 1KG
        </span><!-- end ngIf: ::product.CupPrice -->
    </div>
</div><!-- end ngIf: ::featuresEnabled --></wow-shelf-product-pricing-container>

            <wow-trolley-controls class="u-ngFade" product="::product" use-trolley-quantity="true"><form role="form" ng-submit="addOrUpdate()" class="trolley-controls  _hideOnScroll ng-valid-maxlength" ng-show="true">
    <!-- ngIf: trolleyControlMessage --><span class="sr-only" role="status" aria-live="polite" aria-atomic="true" ng-bind="message" message="selected quantity is 1." ng-if="trolleyControlMessage">selected quantity is 1.</span><!-- end ngIf: trolleyControlMessage -->

    <div role="group" aria-label="Sunbeam Almonds Slivered">
        <button type="button" class="trolley-quantity-button trolley-quantity-decrement disabled" ng-click="decrement()" ng-class="{'disabled': isDecrementDisabled}">
            <span class="sr-only">Decrease  order amount</span><i class="icon-quantity_minus trolley-quantity-minus"></i>
        </button>
        <button type="button" class="trolley-quantity-button trolley-quantity-increment" ng-click="increment()" ng-class="{'disabled': isIncrementDisabled}">
            <span class="sr-only">Increase  order amount</span><i class="icon-quantity_plus trolley-quantity-plus"></i>
        </button>
        <label for="2413d901-8e5a-025f-25fc-3aefb725e01c">
            <span class="sr-only">Order quantity</span>
        </label>
        <input type="text" class="quantity-input ng-pristine ng-untouched ng-valid ng-valid-maxlength" id="2413d901-8e5a-025f-25fc-3aefb725e01c" ng-class="{'kilograms disabled': isInKilograms}" ng-disabled="::isInKilograms" ng-model="::updateQuantity" ng-model-options="::{ getterSetter: true, updateOn: 'default blur', debounce: { default: 200, blur: 0 } }" ng-blur="::blur()" maxlength="5">
        <button type="submit" class="button button--primary add-to-trolley-button" ng-class="{'disabled': showDisabledState()}" ng-show="::showAddOrUpdate">
            <span class="_quantity-input-value">Add</span> <span class="sr-only">item to trolley</span>
        </button>
    </div>
</form>
<!-- ngIf: modalMessage --></wow-trolley-controls>

            <div class="trolley-controls _hideOnScroll ng-hide" ng-show="false">
                <div class="button button--comms shelfProductStamp-unAvailable">
                    Unavailable
                </div>
            </div>

        </div>

        <div class="shelfProductStamp-selectedPointer ng-hide" ng-class="::{'shelfProductStamp-selectedPointer--footerEnabled': product.IsFooterEnabled}" ng-show="selectedPointer()"></div>
    </div>
    <!-- ngIf: ::showFooter -->
</div></wow-shelf-product><!-- end ngRepeat: product in ::bundle.Products -->
    </div>

    <div class="flipper-side flipper-back u-noOutline flipper-side--short" ng-transclude="" tabindex="-1">
        <!-- ngIf: ::(bundle.Products.length > 1) --><wow-shelf-variants ng-if="::(bundle.Products.length > 1)" bundle="::bundle" select-product="::selectStockcode(stockcode)" class=""><div class="productVariants productVariants--grid productVariants--2 clearfix card productVariants--columns" ng-class="{'productVariants--columns': isColumns}">
    <h2 class="productVariants-title" ng-bind-html="bundle.Name | sanitize"> Sunbeam Silvered Almonds </h2>

    <ul class="productVariants-list">
        <!-- ngRepeat: product in ::bundle.Products | orderBy:'UnitWeightInGrams' --><li class="productVariants-item clearfix" ng-repeat="product in ::bundle.Products | orderBy:'UnitWeightInGrams'" ng-click="selectProduct({stockcode: product.Stockcode})">
            <wow-shelf-variant product="product" size="variantStampSize">&#65279;<a href="javascript://" class="productVariant productVariant--xlarge" ng-click="gtmProductClickDataPush()" wow-flipper-toggle="">
    <div class="productVariant-details">
        <div class="productVariant-variant">
            100g
        </div>

        <div class="productVariant-prices">
            <div class="productVariant-price u-special" ng-class="specialClass">
                $4.00
            </div>

            <div class="productVariant-cup" ng-show="product.HasCupPrice">
                $40.00 / 1KG
            </div>
        </div>
    </div>

    <div class="productVariant-thumbnail">
        <!-- ngIf: product.ImageTag.TagContent --><img ng-if="product.ImageTag.TagContent" ng-src="/Content/PromotionTags/final-special.png" alt="On Special" class="productVariant-specialTag" src="/Content/PromotionTags/final-special.png"><!-- end ngIf: product.ImageTag.TagContent -->

        <!-- ngIf: size != 'xsmall' --><img ng-if="size != 'xsmall'" ng-src="/Content/wowProductImages/small/251057.jpg" alt="Sunbeam Almonds Slivered" class="productVariant-image" src="/Content/wowProductImages/small/251057.jpg"><!-- end ngIf: size != 'xsmall' -->
    </div>
</a></wow-shelf-variant>
        </li><!-- end ngRepeat: product in ::bundle.Products | orderBy:'UnitWeightInGrams' --><li class="productVariants-item clearfix" ng-repeat="product in ::bundle.Products | orderBy:'UnitWeightInGrams'" ng-click="selectProduct({stockcode: product.Stockcode})">
            <wow-shelf-variant product="product" size="variantStampSize">&#65279;<a href="javascript://" class="productVariant productVariant--xlarge" ng-click="gtmProductClickDataPush()" wow-flipper-toggle="">
    <div class="productVariant-details">
        <div class="productVariant-variant">
            300g
        </div>

        <div class="productVariant-prices">
            <div class="productVariant-price" ng-class="specialClass">
                $10.75
            </div>

            <div class="productVariant-cup" ng-show="product.HasCupPrice">
                $35.83 / 1KG
            </div>
        </div>
    </div>

    <div class="productVariant-thumbnail">
        <!-- ngIf: product.ImageTag.TagContent -->

        <!-- ngIf: size != 'xsmall' --><img ng-if="size != 'xsmall'" ng-src="/Content/wowProductImages/small/783100.JPG" alt="Sunbeam Almonds Slivered" class="productVariant-image" src="/Content/wowProductImages/small/783100.JPG"><!-- end ngIf: size != 'xsmall' -->
    </div>
</a></wow-shelf-variant>
        </li><!-- end ngRepeat: product in ::bundle.Products | orderBy:'UnitWeightInGrams' -->
    </ul>
</div></wow-shelf-variants><!-- end ngIf: ::(bundle.Products.length > 1) -->
    </div>
</div></wow-shelf-bundle></span>

<div class="cardDetail-container ng-hide" ng-show="::card.isDetail">

    <a href="javascript:;" ng-click="cardCtrl.closeCardDetail()" class="cardDetail-close" oly-move-focus="">
        <i class="icon-close_x"></i><span class="sr-only">Close details</span></a>

    <div class="_cardDetail-content"></div>

</div></wow-card><!-- end ngRepeat: card in cards track by card.isotopeId --><wow-card ng-repeat="card in cards track by card.isotopeId" card="card" class="isotope-item card-directive" ng-class="::{'detail-wrapper': card.isDetail, 'isMoved' : card.isMoved}" data-isotope-order="200" id="c5723f8c-cc7a-49e7-2383-289ff817ef0e" tabindex="-1" oly-repeat-finished="onFinishRender()"><span class="_card"><wow-shelf-product product="product"><div class="shelfProductStamp card u-noOutline shelfProductStamp--regular enable-center-product-tag" data-stockcode="251057" tabindex="-1" ng-class="{
         'shelfProductStamp--regular' : !isdetail,
         'is-largeFormat': forceLargeFormatView,
         'is-smallFormat': forceSmallFormatView,
         'md-responsive' : sfResponsiveSize.medium,
         'lg-responsive' : sfResponsiveSize.large,
         'sm-responsive' : sfResponsiveSize.small,
         'xs-responsive' : sfResponsiveSize.xSmall,
         'enable-center-product-tag' : !forceDisableCenterProductTag
     }">

    <div class="shelfProductStamp-mainContainer">

        <div class="shelfProductStamp-content row">
            <div class="shelfProductStamp-imageTagsContainer" ng-switch="::(!!product.ImageTag.TagLink)">
                <img ng-src="/Content/wowProductImages/medium/251057.jpg" alt="" class="shelfProductStamp-productImage u-noOutline u-cursor-pointer" ng-click="showProductDetail($event)" ng-class="::{'u-cursor-pointer': canOpenDetail}" src="/Content/wowProductImages/medium/251057.jpg">

                <!-- ngSwitchWhen: true -->
                <!-- ngSwitchWhen: false --><span ng-switch-when="false" class="shelfProductStamp-leftTag" ng-click="gtmStaticTagClickPush()">
                    <img ng-show="::(product.ImageTag &amp;&amp; product.ImageTag.TagContent)" ng-src="/Content/PromotionTags/final-special.png" alt="On Special" class="shelfProductStamp-leftTagImage" src="/Content/PromotionTags/final-special.png">
                </span><!-- end ngSwitchWhen: -->

            </div>

            <div class="shelfProductStamp-productName">
                <h3 class="shelfProductStamp-productNameInner">
                    <!-- ngIf: ::canOpenDetail --><a ng-click="showProductDetail($event)" class="shelfProductStamp-productNameInnerDescription noVariants" ng-class="::{'noVariants': !hasVariants}" ng-href="/Shop/Search/Products?searchTerm=almonds&amp;name=sunbeam-almonds-slivered&amp;productId=251057" ng-if="::canOpenDetail" aria-label="Sunbeam Almonds Slivered 100g" title="Sunbeam Almonds Slivered 100g" href="/Shop/Search/Products?searchTerm=almonds&amp;name=sunbeam-almonds-slivered&amp;productId=251057">
                        <!-- ngIf: !displaySmallFormatVersion() && !isdetail && hasVariants -->
                        <!-- ngIf: displaySmallFormatVersion() || isdetail || !hasVariants --><span class="shelfProductStamp-productDetailsLink" ng-if="displaySmallFormatVersion() || isdetail || !hasVariants" ng-bind-html="::(product.SmallFormatDescription | sanitize)">Sunbeam Almonds Slivered</span><!-- end ngIf: displaySmallFormatVersion() || isdetail || !hasVariants -->
                        <br>
                        <!-- ngIf: displaySmallFormatVersion() || isdetail || !hasVariants --><span class="shelfProductStamp-productDetailsPackageSize" ng-if="displaySmallFormatVersion() || isdetail || !hasVariants"> 100g</span><!-- end ngIf: displaySmallFormatVersion() || isdetail || !hasVariants -->
                    </a><!-- end ngIf: ::canOpenDetail -->
                    <!-- ngIf: ::!canOpenDetail -->
                </h3>

                <!-- ngIf: ::hasVariants -->
            </div>
            <div class="shelfProductStamp-centerProductTagContainer">
                <!-- ngIf: ::showCenterTag -->
            </div>
            <div class="shelfProductStamp-header u-ngFade">
                <wow-saved-list-product-stamp-ctrl product="::product" isdetail="isdetail"><div class="shelfProductStamp-savedLists cardViewCompactSavedToList" ng-class="{'cardViewCompactSavedToList': !isdetail}">
    <div class="shelfProductStamp-savedLists-saveToListContainer" ng-show="!isListEditMode()">
        <a href="javascript:;" ng-show="saveToListStateDefault()" ng-click="saveToDefaultList()" class="saveToList-link _saveToDefaultList saveToList-link-text saveToList-link-default">
            Save <span class="sr-only">Sunbeam Almonds Slivered</span> to list<i class="icon-savetolist saveToList-icon-list"></i>
        </a>

        <div ng-show="saveToListStateSavedToList()" class="saveToList-link-saved saveToList-link-text ng-hide">
            Saved <span class="sr-only">Sunbeam Almonds Slivered</span> to <a class="saveToList-link-text-link _saveToListLink" href="javascript:;" ng-click="toggleSavedListsDropdown()"></a>
            <i class="icon-tick saveToList-icon-tick"></i>
        </div>

        <ul ng-show="showSavedListsDropdown()" class="saveToList-listSelection-items saveToList-listSelection ng-hide">
            <!-- ngRepeat: list in savedListsSelection -->
        </ul>
    </div>

    <a href="javascript:;" class="shelfProductStamp-savedLists-editModeRemoveIconContainer ng-hide" ng-show="isListEditMode() &amp;&amp; !isdetail" ng-click="deleteListItem()">
        <span class="sr-only">Remove Sunbeam Almonds Slivered from list</span><i class="removeIcon icon-close_x"></i>
    </a>
</div></wow-saved-list-product-stamp-ctrl>
            </div>

            <!-- ngIf: (showFooter || showCenterTag) -->

            <wow-shelf-product-pricing-container class="shelfProductStamp-pricingContainer" product="::product"><!-- ngIf: ::(!featuresEnabled) -->

<!-- ngIf: ::featuresEnabled --><div class="pricingContainer pricingContainer--grid u-ngFade noCenterTag" ng-class="::{'noCenterTag': !showCenterTag}" ng-if="::featuresEnabled">
    <!-- ngIf: ::(product.IsOnSpecial && !product.HideWasSavedPrice) --><div class="pricingContainer-saveWrapper" ng-if="::(product.IsOnSpecial &amp;&amp; !product.HideWasSavedPrice)">
        <div class="pricingContainer-saveContainer">
            <span class="pricingContainer-saveHeading">SAVE</span>
            <span class="pricingContainer-savePrice">$1.00</span>
        </div>
    </div><!-- end ngIf: ::(product.IsOnSpecial && !product.HideWasSavedPrice) -->
    <div class="pricingContainer-priceContainer">
        <span class="pricingContainer-priceAmount u-special" ng-class="::specialClass">$4.00</span>
        <!-- ngIf: ::product.CupPrice --><span ng-if="::product.CupPrice" class="pricingContainer-priceCup">
            $40.00 / 1KG
        </span><!-- end ngIf: ::product.CupPrice -->
    </div>
</div><!-- end ngIf: ::featuresEnabled --></wow-shelf-product-pricing-container>

            <wow-trolley-controls class="u-ngFade" product="::product" use-trolley-quantity="true"><form role="form" ng-submit="addOrUpdate()" class="trolley-controls  _hideOnScroll ng-valid-maxlength" ng-show="true">
    <!-- ngIf: trolleyControlMessage --><span class="sr-only" role="status" aria-live="polite" aria-atomic="true" ng-bind="message" message="selected quantity is 1." ng-if="trolleyControlMessage">selected quantity is 1.</span><!-- end ngIf: trolleyControlMessage -->

    <div role="group" aria-label="Sunbeam Almonds Slivered">
        <button type="button" class="trolley-quantity-button trolley-quantity-decrement disabled" ng-click="decrement()" ng-class="{'disabled': isDecrementDisabled}">
            <span class="sr-only">Decrease  order amount</span><i class="icon-quantity_minus trolley-quantity-minus"></i>
        </button>
        <button type="button" class="trolley-quantity-button trolley-quantity-increment" ng-click="increment()" ng-class="{'disabled': isIncrementDisabled}">
            <span class="sr-only">Increase  order amount</span><i class="icon-quantity_plus trolley-quantity-plus"></i>
        </button>
        <label for="01114cae-870f-378a-be74-9d1f31b791dc">
            <span class="sr-only">Order quantity</span>
        </label>
        <input type="text" class="quantity-input ng-pristine ng-untouched ng-valid ng-valid-maxlength" id="01114cae-870f-378a-be74-9d1f31b791dc" ng-class="{'kilograms disabled': isInKilograms}" ng-disabled="::isInKilograms" ng-model="::updateQuantity" ng-model-options="::{ getterSetter: true, updateOn: 'default blur', debounce: { default: 200, blur: 0 } }" ng-blur="::blur()" maxlength="5">
        <button type="submit" class="button button--primary add-to-trolley-button" ng-class="{'disabled': showDisabledState()}" ng-show="::showAddOrUpdate">
            <span class="_quantity-input-value">Add</span> <span class="sr-only">item to trolley</span>
        </button>
    </div>
</form>
<!-- ngIf: modalMessage --></wow-trolley-controls>

            <div class="trolley-controls _hideOnScroll ng-hide" ng-show="false">
                <div class="button button--comms shelfProductStamp-unAvailable">
                    Unavailable
                </div>
            </div>

        </div>

        <div class="shelfProductStamp-selectedPointer ng-hide" ng-class="::{'shelfProductStamp-selectedPointer--footerEnabled': product.IsFooterEnabled}" ng-show="selectedPointer()"></div>
    </div>
    <!-- ngIf: ::showFooter -->
</div></wow-shelf-product></span>

<div class="cardDetail-container ng-hide" ng-show="::card.isDetail">

    <a href="javascript:;" ng-click="cardCtrl.closeCardDetail()" class="cardDetail-close" oly-move-focus="">
        <i class="icon-close_x"></i><span class="sr-only">Close details</span></a>

    <div class="_cardDetail-content"></div>

</div></wow-card><!-- end ngRepeat: card in cards track by card.isotopeId --><wow-card ng-repeat="card in cards track by card.isotopeId" card="card" class="isotope-item card-directive" ng-class="::{'detail-wrapper': card.isDetail, 'isMoved' : card.isMoved}" data-isotope-order="210" id="d04456fc-8194-3d86-373a-a7d9846f6fdf" tabindex="-1" oly-repeat-finished="onFinishRender()"><span class="_card"><wow-shelf-product product="product"><div class="shelfProductStamp card u-noOutline shelfProductStamp--regular enable-center-product-tag" data-stockcode="726259" tabindex="-1" ng-class="{
         'shelfProductStamp--regular' : !isdetail,
         'is-largeFormat': forceLargeFormatView,
         'is-smallFormat': forceSmallFormatView,
         'md-responsive' : sfResponsiveSize.medium,
         'lg-responsive' : sfResponsiveSize.large,
         'sm-responsive' : sfResponsiveSize.small,
         'xs-responsive' : sfResponsiveSize.xSmall,
         'enable-center-product-tag' : !forceDisableCenterProductTag
     }">

    <div class="shelfProductStamp-mainContainer">

        <div class="shelfProductStamp-content row">
            <div class="shelfProductStamp-imageTagsContainer" ng-switch="::(!!product.ImageTag.TagLink)">
                <img ng-src="/Content/wowProductImages/medium/726259.jpg" alt="" class="shelfProductStamp-productImage u-noOutline u-cursor-pointer" ng-click="showProductDetail($event)" ng-class="::{'u-cursor-pointer': canOpenDetail}" src="/Content/wowProductImages/medium/726259.jpg">

                <!-- ngSwitchWhen: true -->
                <!-- ngSwitchWhen: false --><span ng-switch-when="false" class="shelfProductStamp-leftTag" ng-click="gtmStaticTagClickPush()">
                    <img ng-show="::(product.ImageTag &amp;&amp; product.ImageTag.TagContent)" ng-src="/Content/PromotionTags/final-special.png" alt="On Special" class="shelfProductStamp-leftTagImage" src="/Content/PromotionTags/final-special.png">
                </span><!-- end ngSwitchWhen: -->

            </div>

            <div class="shelfProductStamp-productName">
                <h3 class="shelfProductStamp-productNameInner">
                    <!-- ngIf: ::canOpenDetail --><a ng-click="showProductDetail($event)" class="shelfProductStamp-productNameInnerDescription noVariants" ng-class="::{'noVariants': !hasVariants}" ng-href="/Shop/Search/Products?searchTerm=almonds&amp;name=woolworths-select-almonds-blanched&amp;productId=726259" ng-if="::canOpenDetail" aria-label="Woolworths Select Almonds Blanched 120g" title="Woolworths Select Almonds Blanched 120g" href="/Shop/Search/Products?searchTerm=almonds&amp;name=woolworths-select-almonds-blanched&amp;productId=726259">
                        <!-- ngIf: !displaySmallFormatVersion() && !isdetail && hasVariants -->
                        <!-- ngIf: displaySmallFormatVersion() || isdetail || !hasVariants --><span class="shelfProductStamp-productDetailsLink" ng-if="displaySmallFormatVersion() || isdetail || !hasVariants" ng-bind-html="::(product.SmallFormatDescription | sanitize)">Woolworths Select Almonds Blanched</span><!-- end ngIf: displaySmallFormatVersion() || isdetail || !hasVariants -->
                        <br>
                        <!-- ngIf: displaySmallFormatVersion() || isdetail || !hasVariants --><span class="shelfProductStamp-productDetailsPackageSize" ng-if="displaySmallFormatVersion() || isdetail || !hasVariants"> 120g</span><!-- end ngIf: displaySmallFormatVersion() || isdetail || !hasVariants -->
                    </a><!-- end ngIf: ::canOpenDetail -->
                    <!-- ngIf: ::!canOpenDetail -->
                </h3>

                <!-- ngIf: ::hasVariants -->
            </div>
            <div class="shelfProductStamp-centerProductTagContainer">
                <!-- ngIf: ::showCenterTag -->
            </div>
            <div class="shelfProductStamp-header u-ngFade">
                <wow-saved-list-product-stamp-ctrl product="::product" isdetail="isdetail"><div class="shelfProductStamp-savedLists cardViewCompactSavedToList" ng-class="{'cardViewCompactSavedToList': !isdetail}">
    <div class="shelfProductStamp-savedLists-saveToListContainer" ng-show="!isListEditMode()">
        <a href="javascript:;" ng-show="saveToListStateDefault()" ng-click="saveToDefaultList()" class="saveToList-link _saveToDefaultList saveToList-link-text saveToList-link-default">
            Save <span class="sr-only">Woolworths Select Almonds Blanched</span> to list<i class="icon-savetolist saveToList-icon-list"></i>
        </a>

        <div ng-show="saveToListStateSavedToList()" class="saveToList-link-saved saveToList-link-text ng-hide">
            Saved <span class="sr-only">Woolworths Select Almonds Blanched</span> to <a class="saveToList-link-text-link _saveToListLink" href="javascript:;" ng-click="toggleSavedListsDropdown()"></a>
            <i class="icon-tick saveToList-icon-tick"></i>
        </div>

        <ul ng-show="showSavedListsDropdown()" class="saveToList-listSelection-items saveToList-listSelection ng-hide">
            <!-- ngRepeat: list in savedListsSelection -->
        </ul>
    </div>

    <a href="javascript:;" class="shelfProductStamp-savedLists-editModeRemoveIconContainer ng-hide" ng-show="isListEditMode() &amp;&amp; !isdetail" ng-click="deleteListItem()">
        <span class="sr-only">Remove Woolworths Select Almonds Blanched from list</span><i class="removeIcon icon-close_x"></i>
    </a>
</div></wow-saved-list-product-stamp-ctrl>
            </div>

            <!-- ngIf: (showFooter || showCenterTag) -->

            <wow-shelf-product-pricing-container class="shelfProductStamp-pricingContainer" product="::product"><!-- ngIf: ::(!featuresEnabled) -->

<!-- ngIf: ::featuresEnabled --><div class="pricingContainer pricingContainer--grid u-ngFade noCenterTag" ng-class="::{'noCenterTag': !showCenterTag}" ng-if="::featuresEnabled">
    <!-- ngIf: ::(product.IsOnSpecial && !product.HideWasSavedPrice) --><div class="pricingContainer-saveWrapper" ng-if="::(product.IsOnSpecial &amp;&amp; !product.HideWasSavedPrice)">
        <div class="pricingContainer-saveContainer">
            <span class="pricingContainer-saveHeading">SAVE</span>
            <span class="pricingContainer-savePrice">$0.51</span>
        </div>
    </div><!-- end ngIf: ::(product.IsOnSpecial && !product.HideWasSavedPrice) -->
    <div class="pricingContainer-priceContainer">
        <span class="pricingContainer-priceAmount u-special" ng-class="::specialClass">$3.99</span>
        <!-- ngIf: ::product.CupPrice --><span ng-if="::product.CupPrice" class="pricingContainer-priceCup">
            $33.25 / 1KG
        </span><!-- end ngIf: ::product.CupPrice -->
    </div>
</div><!-- end ngIf: ::featuresEnabled --></wow-shelf-product-pricing-container>

            <wow-trolley-controls class="u-ngFade" product="::product" use-trolley-quantity="true"><form role="form" ng-submit="addOrUpdate()" class="trolley-controls  _hideOnScroll ng-valid-maxlength" ng-show="true">
    <!-- ngIf: trolleyControlMessage --><span class="sr-only" role="status" aria-live="polite" aria-atomic="true" ng-bind="message" message="selected quantity is 1." ng-if="trolleyControlMessage">selected quantity is 1.</span><!-- end ngIf: trolleyControlMessage -->

    <div role="group" aria-label="Woolworths Select Almonds Blanched">
        <button type="button" class="trolley-quantity-button trolley-quantity-decrement disabled" ng-click="decrement()" ng-class="{'disabled': isDecrementDisabled}">
            <span class="sr-only">Decrease  order amount</span><i class="icon-quantity_minus trolley-quantity-minus"></i>
        </button>
        <button type="button" class="trolley-quantity-button trolley-quantity-increment" ng-click="increment()" ng-class="{'disabled': isIncrementDisabled}">
            <span class="sr-only">Increase  order amount</span><i class="icon-quantity_plus trolley-quantity-plus"></i>
        </button>
        <label for="e235d8e6-550f-e21e-744a-7201626cf1c5">
            <span class="sr-only">Order quantity</span>
        </label>
        <input type="text" class="quantity-input ng-pristine ng-untouched ng-valid ng-valid-maxlength" id="e235d8e6-550f-e21e-744a-7201626cf1c5" ng-class="{'kilograms disabled': isInKilograms}" ng-disabled="::isInKilograms" ng-model="::updateQuantity" ng-model-options="::{ getterSetter: true, updateOn: 'default blur', debounce: { default: 200, blur: 0 } }" ng-blur="::blur()" maxlength="5">
        <button type="submit" class="button button--primary add-to-trolley-button" ng-class="{'disabled': showDisabledState()}" ng-show="::showAddOrUpdate">
            <span class="_quantity-input-value">Add</span> <span class="sr-only">item to trolley</span>
        </button>
    </div>
</form>
<!-- ngIf: modalMessage --></wow-trolley-controls>

            <div class="trolley-controls _hideOnScroll ng-hide" ng-show="false">
                <div class="button button--comms shelfProductStamp-unAvailable">
                    Unavailable
                </div>
            </div>

        </div>

        <div class="shelfProductStamp-selectedPointer ng-hide" ng-class="::{'shelfProductStamp-selectedPointer--footerEnabled': product.IsFooterEnabled}" ng-show="selectedPointer()"></div>
    </div>
    <!-- ngIf: ::showFooter -->
</div></wow-shelf-product></span>

<div class="cardDetail-container ng-hide" ng-show="::card.isDetail">

    <a href="javascript:;" ng-click="cardCtrl.closeCardDetail()" class="cardDetail-close" oly-move-focus="">
        <i class="icon-close_x"></i><span class="sr-only">Close details</span></a>

    <div class="_cardDetail-content"></div>

</div></wow-card><!-- end ngRepeat: card in cards track by card.isotopeId --><wow-card ng-repeat="card in cards track by card.isotopeId" card="card" class="isotope-item card-directive" ng-class="::{'detail-wrapper': card.isDetail, 'isMoved' : card.isMoved}" data-isotope-order="220" id="3041a0b5-990c-375e-a87f-2fcdc67137b4" tabindex="-1" oly-repeat-finished="onFinishRender()"><span class="_card"><wow-shelf-product product="product"><div class="shelfProductStamp card u-noOutline shelfProductStamp--regular enable-center-product-tag" data-stockcode="726280" tabindex="-1" ng-class="{
         'shelfProductStamp--regular' : !isdetail,
         'is-largeFormat': forceLargeFormatView,
         'is-smallFormat': forceSmallFormatView,
         'md-responsive' : sfResponsiveSize.medium,
         'lg-responsive' : sfResponsiveSize.large,
         'sm-responsive' : sfResponsiveSize.small,
         'xs-responsive' : sfResponsiveSize.xSmall,
         'enable-center-product-tag' : !forceDisableCenterProductTag
     }">

    <div class="shelfProductStamp-mainContainer">

        <div class="shelfProductStamp-content row">
            <div class="shelfProductStamp-imageTagsContainer" ng-switch="::(!!product.ImageTag.TagLink)">
                <img ng-src="/Content/wowProductImages/medium/726280.jpg" alt="" class="shelfProductStamp-productImage u-noOutline u-cursor-pointer" ng-click="showProductDetail($event)" ng-class="::{'u-cursor-pointer': canOpenDetail}" src="/Content/wowProductImages/medium/726280.jpg">

                <!-- ngSwitchWhen: true -->
                <!-- ngSwitchWhen: false --><span ng-switch-when="false" class="shelfProductStamp-leftTag" ng-click="gtmStaticTagClickPush()">
                    <img ng-show="::(product.ImageTag &amp;&amp; product.ImageTag.TagContent)" ng-src="/Content/PromotionTags/final-special.png" alt="On Special" class="shelfProductStamp-leftTagImage" src="/Content/PromotionTags/final-special.png">
                </span><!-- end ngSwitchWhen: -->

            </div>

            <div class="shelfProductStamp-productName">
                <h3 class="shelfProductStamp-productNameInner">
                    <!-- ngIf: ::canOpenDetail --><a ng-click="showProductDetail($event)" class="shelfProductStamp-productNameInnerDescription noVariants" ng-class="::{'noVariants': !hasVariants}" ng-href="/Shop/Search/Products?searchTerm=almonds&amp;name=woolworths-select-almonds-flaked&amp;productId=726280" ng-if="::canOpenDetail" aria-label="Woolworths Select Almonds Flaked 120g" title="Woolworths Select Almonds Flaked 120g" href="/Shop/Search/Products?searchTerm=almonds&amp;name=woolworths-select-almonds-flaked&amp;productId=726280">
                        <!-- ngIf: !displaySmallFormatVersion() && !isdetail && hasVariants -->
                        <!-- ngIf: displaySmallFormatVersion() || isdetail || !hasVariants --><span class="shelfProductStamp-productDetailsLink" ng-if="displaySmallFormatVersion() || isdetail || !hasVariants" ng-bind-html="::(product.SmallFormatDescription | sanitize)">Woolworths Select Almonds Flaked</span><!-- end ngIf: displaySmallFormatVersion() || isdetail || !hasVariants -->
                        <br>
                        <!-- ngIf: displaySmallFormatVersion() || isdetail || !hasVariants --><span class="shelfProductStamp-productDetailsPackageSize" ng-if="displaySmallFormatVersion() || isdetail || !hasVariants"> 120g</span><!-- end ngIf: displaySmallFormatVersion() || isdetail || !hasVariants -->
                    </a><!-- end ngIf: ::canOpenDetail -->
                    <!-- ngIf: ::!canOpenDetail -->
                </h3>

                <!-- ngIf: ::hasVariants -->
            </div>
            <div class="shelfProductStamp-centerProductTagContainer">
                <!-- ngIf: ::showCenterTag -->
            </div>
            <div class="shelfProductStamp-header u-ngFade">
                <wow-saved-list-product-stamp-ctrl product="::product" isdetail="isdetail"><div class="shelfProductStamp-savedLists cardViewCompactSavedToList" ng-class="{'cardViewCompactSavedToList': !isdetail}">
    <div class="shelfProductStamp-savedLists-saveToListContainer" ng-show="!isListEditMode()">
        <a href="javascript:;" ng-show="saveToListStateDefault()" ng-click="saveToDefaultList()" class="saveToList-link _saveToDefaultList saveToList-link-text saveToList-link-default">
            Save <span class="sr-only">Woolworths Select Almonds Flaked</span> to list<i class="icon-savetolist saveToList-icon-list"></i>
        </a>

        <div ng-show="saveToListStateSavedToList()" class="saveToList-link-saved saveToList-link-text ng-hide">
            Saved <span class="sr-only">Woolworths Select Almonds Flaked</span> to <a class="saveToList-link-text-link _saveToListLink" href="javascript:;" ng-click="toggleSavedListsDropdown()"></a>
            <i class="icon-tick saveToList-icon-tick"></i>
        </div>

        <ul ng-show="showSavedListsDropdown()" class="saveToList-listSelection-items saveToList-listSelection ng-hide">
            <!-- ngRepeat: list in savedListsSelection -->
        </ul>
    </div>

    <a href="javascript:;" class="shelfProductStamp-savedLists-editModeRemoveIconContainer ng-hide" ng-show="isListEditMode() &amp;&amp; !isdetail" ng-click="deleteListItem()">
        <span class="sr-only">Remove Woolworths Select Almonds Flaked from list</span><i class="removeIcon icon-close_x"></i>
    </a>
</div></wow-saved-list-product-stamp-ctrl>
            </div>

            <!-- ngIf: (showFooter || showCenterTag) -->

            <wow-shelf-product-pricing-container class="shelfProductStamp-pricingContainer" product="::product"><!-- ngIf: ::(!featuresEnabled) -->

<!-- ngIf: ::featuresEnabled --><div class="pricingContainer pricingContainer--grid u-ngFade noCenterTag" ng-class="::{'noCenterTag': !showCenterTag}" ng-if="::featuresEnabled">
    <!-- ngIf: ::(product.IsOnSpecial && !product.HideWasSavedPrice) --><div class="pricingContainer-saveWrapper" ng-if="::(product.IsOnSpecial &amp;&amp; !product.HideWasSavedPrice)">
        <div class="pricingContainer-saveContainer">
            <span class="pricingContainer-saveHeading">SAVE</span>
            <span class="pricingContainer-savePrice">$0.51</span>
        </div>
    </div><!-- end ngIf: ::(product.IsOnSpecial && !product.HideWasSavedPrice) -->
    <div class="pricingContainer-priceContainer">
        <span class="pricingContainer-priceAmount u-special" ng-class="::specialClass">$3.99</span>
        <!-- ngIf: ::product.CupPrice --><span ng-if="::product.CupPrice" class="pricingContainer-priceCup">
            $33.25 / 1KG
        </span><!-- end ngIf: ::product.CupPrice -->
    </div>
</div><!-- end ngIf: ::featuresEnabled --></wow-shelf-product-pricing-container>

            <wow-trolley-controls class="u-ngFade" product="::product" use-trolley-quantity="true"><form role="form" ng-submit="addOrUpdate()" class="trolley-controls  _hideOnScroll ng-valid-maxlength" ng-show="true">
    <!-- ngIf: trolleyControlMessage --><span class="sr-only" role="status" aria-live="polite" aria-atomic="true" ng-bind="message" message="selected quantity is 1." ng-if="trolleyControlMessage">selected quantity is 1.</span><!-- end ngIf: trolleyControlMessage -->

    <div role="group" aria-label="Woolworths Select Almonds Flaked">
        <button type="button" class="trolley-quantity-button trolley-quantity-decrement disabled" ng-click="decrement()" ng-class="{'disabled': isDecrementDisabled}">
            <span class="sr-only">Decrease  order amount</span><i class="icon-quantity_minus trolley-quantity-minus"></i>
        </button>
        <button type="button" class="trolley-quantity-button trolley-quantity-increment" ng-click="increment()" ng-class="{'disabled': isIncrementDisabled}">
            <span class="sr-only">Increase  order amount</span><i class="icon-quantity_plus trolley-quantity-plus"></i>
        </button>
        <label for="dbb94201-dee1-5cd6-a545-fb303c1760fd">
            <span class="sr-only">Order quantity</span>
        </label>
        <input type="text" class="quantity-input ng-pristine ng-untouched ng-valid ng-valid-maxlength" id="dbb94201-dee1-5cd6-a545-fb303c1760fd" ng-class="{'kilograms disabled': isInKilograms}" ng-disabled="::isInKilograms" ng-model="::updateQuantity" ng-model-options="::{ getterSetter: true, updateOn: 'default blur', debounce: { default: 200, blur: 0 } }" ng-blur="::blur()" maxlength="5">
        <button type="submit" class="button button--primary add-to-trolley-button" ng-class="{'disabled': showDisabledState()}" ng-show="::showAddOrUpdate">
            <span class="_quantity-input-value">Add</span> <span class="sr-only">item to trolley</span>
        </button>
    </div>
</form>
<!-- ngIf: modalMessage --></wow-trolley-controls>

            <div class="trolley-controls _hideOnScroll ng-hide" ng-show="false">
                <div class="button button--comms shelfProductStamp-unAvailable">
                    Unavailable
                </div>
            </div>

        </div>

        <div class="shelfProductStamp-selectedPointer ng-hide" ng-class="::{'shelfProductStamp-selectedPointer--footerEnabled': product.IsFooterEnabled}" ng-show="selectedPointer()"></div>
    </div>
    <!-- ngIf: ::showFooter -->
</div></wow-shelf-product></span>

<div class="cardDetail-container ng-hide" ng-show="::card.isDetail">

    <a href="javascript:;" ng-click="cardCtrl.closeCardDetail()" class="cardDetail-close" oly-move-focus="">
        <i class="icon-close_x"></i><span class="sr-only">Close details</span></a>

    <div class="_cardDetail-content"></div>

</div></wow-card><!-- end ngRepeat: card in cards track by card.isotopeId --><wow-card ng-repeat="card in cards track by card.isotopeId" card="card" class="isotope-item card-directive" ng-class="::{'detail-wrapper': card.isDetail, 'isMoved' : card.isMoved}" data-isotope-order="230" id="5df00c73-e542-91c8-9302-def78093ae81" tabindex="-1" oly-repeat-finished="onFinishRender()"><span class="_card"><wow-shelf-product product="product"><div class="shelfProductStamp card u-noOutline shelfProductStamp--regular enable-center-product-tag" data-stockcode="726281" tabindex="-1" ng-class="{
         'shelfProductStamp--regular' : !isdetail,
         'is-largeFormat': forceLargeFormatView,
         'is-smallFormat': forceSmallFormatView,
         'md-responsive' : sfResponsiveSize.medium,
         'lg-responsive' : sfResponsiveSize.large,
         'sm-responsive' : sfResponsiveSize.small,
         'xs-responsive' : sfResponsiveSize.xSmall,
         'enable-center-product-tag' : !forceDisableCenterProductTag
     }">

    <div class="shelfProductStamp-mainContainer">

        <div class="shelfProductStamp-content row">
            <div class="shelfProductStamp-imageTagsContainer" ng-switch="::(!!product.ImageTag.TagLink)">
                <img ng-src="/Content/wowProductImages/medium/726281.jpg" alt="" class="shelfProductStamp-productImage u-noOutline u-cursor-pointer" ng-click="showProductDetail($event)" ng-class="::{'u-cursor-pointer': canOpenDetail}" src="/Content/wowProductImages/medium/726281.jpg">

                <!-- ngSwitchWhen: true -->
                <!-- ngSwitchWhen: false --><span ng-switch-when="false" class="shelfProductStamp-leftTag" ng-click="gtmStaticTagClickPush()">
                    <img ng-show="::(product.ImageTag &amp;&amp; product.ImageTag.TagContent)" ng-src="" alt="" class="shelfProductStamp-leftTagImage ng-hide">
                </span><!-- end ngSwitchWhen: -->

            </div>

            <div class="shelfProductStamp-productName">
                <h3 class="shelfProductStamp-productNameInner">
                    <!-- ngIf: ::canOpenDetail --><a ng-click="showProductDetail($event)" class="shelfProductStamp-productNameInnerDescription noVariants" ng-class="::{'noVariants': !hasVariants}" ng-href="/Shop/Search/Products?searchTerm=almonds&amp;name=woolworths-select-almonds-meal&amp;productId=726281" ng-if="::canOpenDetail" aria-label="Woolworths Select Almonds Meal 150g" title="Woolworths Select Almonds Meal 150g" href="/Shop/Search/Products?searchTerm=almonds&amp;name=woolworths-select-almonds-meal&amp;productId=726281">
                        <!-- ngIf: !displaySmallFormatVersion() && !isdetail && hasVariants -->
                        <!-- ngIf: displaySmallFormatVersion() || isdetail || !hasVariants --><span class="shelfProductStamp-productDetailsLink" ng-if="displaySmallFormatVersion() || isdetail || !hasVariants" ng-bind-html="::(product.SmallFormatDescription | sanitize)">Woolworths Select Almonds Meal</span><!-- end ngIf: displaySmallFormatVersion() || isdetail || !hasVariants -->
                        <br>
                        <!-- ngIf: displaySmallFormatVersion() || isdetail || !hasVariants --><span class="shelfProductStamp-productDetailsPackageSize" ng-if="displaySmallFormatVersion() || isdetail || !hasVariants"> 150g</span><!-- end ngIf: displaySmallFormatVersion() || isdetail || !hasVariants -->
                    </a><!-- end ngIf: ::canOpenDetail -->
                    <!-- ngIf: ::!canOpenDetail -->
                </h3>

                <!-- ngIf: ::hasVariants -->
            </div>
            <div class="shelfProductStamp-centerProductTagContainer">
                <!-- ngIf: ::showCenterTag -->
            </div>
            <div class="shelfProductStamp-header u-ngFade">
                <wow-saved-list-product-stamp-ctrl product="::product" isdetail="isdetail"><div class="shelfProductStamp-savedLists cardViewCompactSavedToList" ng-class="{'cardViewCompactSavedToList': !isdetail}">
    <div class="shelfProductStamp-savedLists-saveToListContainer" ng-show="!isListEditMode()">
        <a href="javascript:;" ng-show="saveToListStateDefault()" ng-click="saveToDefaultList()" class="saveToList-link _saveToDefaultList saveToList-link-text saveToList-link-default">
            Save <span class="sr-only">Woolworths Select Almonds Meal</span> to list<i class="icon-savetolist saveToList-icon-list"></i>
        </a>

        <div ng-show="saveToListStateSavedToList()" class="saveToList-link-saved saveToList-link-text ng-hide">
            Saved <span class="sr-only">Woolworths Select Almonds Meal</span> to <a class="saveToList-link-text-link _saveToListLink" href="javascript:;" ng-click="toggleSavedListsDropdown()"></a>
            <i class="icon-tick saveToList-icon-tick"></i>
        </div>

        <ul ng-show="showSavedListsDropdown()" class="saveToList-listSelection-items saveToList-listSelection ng-hide">
            <!-- ngRepeat: list in savedListsSelection -->
        </ul>
    </div>

    <a href="javascript:;" class="shelfProductStamp-savedLists-editModeRemoveIconContainer ng-hide" ng-show="isListEditMode() &amp;&amp; !isdetail" ng-click="deleteListItem()">
        <span class="sr-only">Remove Woolworths Select Almonds Meal from list</span><i class="removeIcon icon-close_x"></i>
    </a>
</div></wow-saved-list-product-stamp-ctrl>
            </div>

            <!-- ngIf: (showFooter || showCenterTag) -->

            <wow-shelf-product-pricing-container class="shelfProductStamp-pricingContainer" product="::product"><!-- ngIf: ::(!featuresEnabled) -->

<!-- ngIf: ::featuresEnabled --><div class="pricingContainer pricingContainer--grid u-ngFade noCenterTag" ng-class="::{'noCenterTag': !showCenterTag}" ng-if="::featuresEnabled">
    <!-- ngIf: ::(product.IsOnSpecial && !product.HideWasSavedPrice) -->
    <div class="pricingContainer-priceContainer">
        <span class="pricingContainer-priceAmount" ng-class="::specialClass">$4.50</span>
        <!-- ngIf: ::product.CupPrice --><span ng-if="::product.CupPrice" class="pricingContainer-priceCup">
            $30.00 / 1KG
        </span><!-- end ngIf: ::product.CupPrice -->
    </div>
</div><!-- end ngIf: ::featuresEnabled --></wow-shelf-product-pricing-container>

            <wow-trolley-controls class="u-ngFade" product="::product" use-trolley-quantity="true"><form role="form" ng-submit="addOrUpdate()" class="trolley-controls  _hideOnScroll ng-valid-maxlength" ng-show="true">
    <!-- ngIf: trolleyControlMessage --><span class="sr-only" role="status" aria-live="polite" aria-atomic="true" ng-bind="message" message="selected quantity is 1." ng-if="trolleyControlMessage">selected quantity is 1.</span><!-- end ngIf: trolleyControlMessage -->

    <div role="group" aria-label="Woolworths Select Almonds Meal">
        <button type="button" class="trolley-quantity-button trolley-quantity-decrement disabled" ng-click="decrement()" ng-class="{'disabled': isDecrementDisabled}">
            <span class="sr-only">Decrease  order amount</span><i class="icon-quantity_minus trolley-quantity-minus"></i>
        </button>
        <button type="button" class="trolley-quantity-button trolley-quantity-increment" ng-click="increment()" ng-class="{'disabled': isIncrementDisabled}">
            <span class="sr-only">Increase  order amount</span><i class="icon-quantity_plus trolley-quantity-plus"></i>
        </button>
        <label for="eb3e2352-d9f4-688f-4368-8374466374b4">
            <span class="sr-only">Order quantity</span>
        </label>
        <input type="text" class="quantity-input ng-pristine ng-untouched ng-valid ng-valid-maxlength" id="eb3e2352-d9f4-688f-4368-8374466374b4" ng-class="{'kilograms disabled': isInKilograms}" ng-disabled="::isInKilograms" ng-model="::updateQuantity" ng-model-options="::{ getterSetter: true, updateOn: 'default blur', debounce: { default: 200, blur: 0 } }" ng-blur="::blur()" maxlength="5">
        <button type="submit" class="button button--primary add-to-trolley-button" ng-class="{'disabled': showDisabledState()}" ng-show="::showAddOrUpdate">
            <span class="_quantity-input-value">Add</span> <span class="sr-only">item to trolley</span>
        </button>
    </div>
</form>
<!-- ngIf: modalMessage --></wow-trolley-controls>

            <div class="trolley-controls _hideOnScroll ng-hide" ng-show="false">
                <div class="button button--comms shelfProductStamp-unAvailable">
                    Unavailable
                </div>
            </div>

        </div>

        <div class="shelfProductStamp-selectedPointer ng-hide" ng-class="::{'shelfProductStamp-selectedPointer--footerEnabled': product.IsFooterEnabled}" ng-show="selectedPointer()"></div>
    </div>
    <!-- ngIf: ::showFooter -->
</div></wow-shelf-product></span>

<div class="cardDetail-container ng-hide" ng-show="::card.isDetail">

    <a href="javascript:;" ng-click="cardCtrl.closeCardDetail()" class="cardDetail-close" oly-move-focus="">
        <i class="icon-close_x"></i><span class="sr-only">Close details</span></a>

    <div class="_cardDetail-content"></div>

</div></wow-card><!-- end ngRepeat: card in cards track by card.isotopeId --><wow-card ng-repeat="card in cards track by card.isotopeId" card="card" class="isotope-item card-directive" ng-class="::{'detail-wrapper': card.isDetail, 'isMoved' : card.isMoved}" data-isotope-order="240" id="64cd8e18-ba0b-19d1-70fd-c1d046757998" tabindex="-1" oly-repeat-finished="onFinishRender()"><span class="_card"><wow-shelf-product product="product"><div class="shelfProductStamp card u-noOutline shelfProductStamp--regular enable-center-product-tag" data-stockcode="369808" tabindex="-1" ng-class="{
         'shelfProductStamp--regular' : !isdetail,
         'is-largeFormat': forceLargeFormatView,
         'is-smallFormat': forceSmallFormatView,
         'md-responsive' : sfResponsiveSize.medium,
         'lg-responsive' : sfResponsiveSize.large,
         'sm-responsive' : sfResponsiveSize.small,
         'xs-responsive' : sfResponsiveSize.xSmall,
         'enable-center-product-tag' : !forceDisableCenterProductTag
     }">

    <div class="shelfProductStamp-mainContainer">

        <div class="shelfProductStamp-content row">
            <div class="shelfProductStamp-imageTagsContainer" ng-switch="::(!!product.ImageTag.TagLink)">
                <img ng-src="/Content/wowProductImages/medium/369808.jpg" alt="" class="shelfProductStamp-productImage u-noOutline u-cursor-pointer" ng-click="showProductDetail($event)" ng-class="::{'u-cursor-pointer': canOpenDetail}" src="/Content/wowProductImages/medium/369808.jpg">

                <!-- ngSwitchWhen: true -->
                <!-- ngSwitchWhen: false --><span ng-switch-when="false" class="shelfProductStamp-leftTag" ng-click="gtmStaticTagClickPush()">
                    <img ng-show="::(product.ImageTag &amp;&amp; product.ImageTag.TagContent)" ng-src="" alt="" class="shelfProductStamp-leftTagImage ng-hide">
                </span><!-- end ngSwitchWhen: -->

            </div>

            <div class="shelfProductStamp-productName">
                <h3 class="shelfProductStamp-productNameInner">
                    <!-- ngIf: ::canOpenDetail --><a ng-click="showProductDetail($event)" class="shelfProductStamp-productNameInnerDescription noVariants" ng-class="::{'noVariants': !hasVariants}" ng-href="/Shop/Search/Products?searchTerm=almonds&amp;name=lucky-almonds-sliced&amp;productId=369808" ng-if="::canOpenDetail" aria-label="Lucky Almonds  Sliced 110g" title="Lucky Almonds  Sliced 110g" href="/Shop/Search/Products?searchTerm=almonds&amp;name=lucky-almonds-sliced&amp;productId=369808">
                        <!-- ngIf: !displaySmallFormatVersion() && !isdetail && hasVariants -->
                        <!-- ngIf: displaySmallFormatVersion() || isdetail || !hasVariants --><span class="shelfProductStamp-productDetailsLink" ng-if="displaySmallFormatVersion() || isdetail || !hasVariants" ng-bind-html="::(product.SmallFormatDescription | sanitize)">Lucky Almonds  Sliced</span><!-- end ngIf: displaySmallFormatVersion() || isdetail || !hasVariants -->
                        <br>
                        <!-- ngIf: displaySmallFormatVersion() || isdetail || !hasVariants --><span class="shelfProductStamp-productDetailsPackageSize" ng-if="displaySmallFormatVersion() || isdetail || !hasVariants"> 110g</span><!-- end ngIf: displaySmallFormatVersion() || isdetail || !hasVariants -->
                    </a><!-- end ngIf: ::canOpenDetail -->
                    <!-- ngIf: ::!canOpenDetail -->
                </h3>

                <!-- ngIf: ::hasVariants -->
            </div>
            <div class="shelfProductStamp-centerProductTagContainer">
                <!-- ngIf: ::showCenterTag -->
            </div>
            <div class="shelfProductStamp-header u-ngFade">
                <wow-saved-list-product-stamp-ctrl product="::product" isdetail="isdetail"><div class="shelfProductStamp-savedLists cardViewCompactSavedToList" ng-class="{'cardViewCompactSavedToList': !isdetail}">
    <div class="shelfProductStamp-savedLists-saveToListContainer" ng-show="!isListEditMode()">
        <a href="javascript:;" ng-show="saveToListStateDefault()" ng-click="saveToDefaultList()" class="saveToList-link _saveToDefaultList saveToList-link-text saveToList-link-default">
            Save <span class="sr-only">Lucky Almonds  Sliced</span> to list<i class="icon-savetolist saveToList-icon-list"></i>
        </a>

        <div ng-show="saveToListStateSavedToList()" class="saveToList-link-saved saveToList-link-text ng-hide">
            Saved <span class="sr-only">Lucky Almonds  Sliced</span> to <a class="saveToList-link-text-link _saveToListLink" href="javascript:;" ng-click="toggleSavedListsDropdown()"></a>
            <i class="icon-tick saveToList-icon-tick"></i>
        </div>

        <ul ng-show="showSavedListsDropdown()" class="saveToList-listSelection-items saveToList-listSelection ng-hide">
            <!-- ngRepeat: list in savedListsSelection -->
        </ul>
    </div>

    <a href="javascript:;" class="shelfProductStamp-savedLists-editModeRemoveIconContainer ng-hide" ng-show="isListEditMode() &amp;&amp; !isdetail" ng-click="deleteListItem()">
        <span class="sr-only">Remove Lucky Almonds  Sliced from list</span><i class="removeIcon icon-close_x"></i>
    </a>
</div></wow-saved-list-product-stamp-ctrl>
            </div>

            <!-- ngIf: (showFooter || showCenterTag) -->

            <wow-shelf-product-pricing-container class="shelfProductStamp-pricingContainer" product="::product"><!-- ngIf: ::(!featuresEnabled) -->

<!-- ngIf: ::featuresEnabled --><div class="pricingContainer pricingContainer--grid u-ngFade noCenterTag" ng-class="::{'noCenterTag': !showCenterTag}" ng-if="::featuresEnabled">
    <!-- ngIf: ::(product.IsOnSpecial && !product.HideWasSavedPrice) -->
    <div class="pricingContainer-priceContainer">
        <span class="pricingContainer-priceAmount" ng-class="::specialClass">$5.50</span>
        <!-- ngIf: ::product.CupPrice --><span ng-if="::product.CupPrice" class="pricingContainer-priceCup">
            $50.00 / 1KG
        </span><!-- end ngIf: ::product.CupPrice -->
    </div>
</div><!-- end ngIf: ::featuresEnabled --></wow-shelf-product-pricing-container>

            <wow-trolley-controls class="u-ngFade" product="::product" use-trolley-quantity="true"><form role="form" ng-submit="addOrUpdate()" class="trolley-controls  _hideOnScroll ng-valid-maxlength" ng-show="true">
    <!-- ngIf: trolleyControlMessage --><span class="sr-only" role="status" aria-live="polite" aria-atomic="true" ng-bind="message" message="selected quantity is 1." ng-if="trolleyControlMessage">selected quantity is 1.</span><!-- end ngIf: trolleyControlMessage -->

    <div role="group" aria-label="Lucky Almonds  Sliced">
        <button type="button" class="trolley-quantity-button trolley-quantity-decrement disabled" ng-click="decrement()" ng-class="{'disabled': isDecrementDisabled}">
            <span class="sr-only">Decrease  order amount</span><i class="icon-quantity_minus trolley-quantity-minus"></i>
        </button>
        <button type="button" class="trolley-quantity-button trolley-quantity-increment" ng-click="increment()" ng-class="{'disabled': isIncrementDisabled}">
            <span class="sr-only">Increase  order amount</span><i class="icon-quantity_plus trolley-quantity-plus"></i>
        </button>
        <label for="70b50be1-bfb0-80e4-eeb4-eccd0fc1cc14">
            <span class="sr-only">Order quantity</span>
        </label>
        <input type="text" class="quantity-input ng-pristine ng-untouched ng-valid ng-valid-maxlength" id="70b50be1-bfb0-80e4-eeb4-eccd0fc1cc14" ng-class="{'kilograms disabled': isInKilograms}" ng-disabled="::isInKilograms" ng-model="::updateQuantity" ng-model-options="::{ getterSetter: true, updateOn: 'default blur', debounce: { default: 200, blur: 0 } }" ng-blur="::blur()" maxlength="5">
        <button type="submit" class="button button--primary add-to-trolley-button" ng-class="{'disabled': showDisabledState()}" ng-show="::showAddOrUpdate">
            <span class="_quantity-input-value">Add</span> <span class="sr-only">item to trolley</span>
        </button>
    </div>
</form>
<!-- ngIf: modalMessage --></wow-trolley-controls>

            <div class="trolley-controls _hideOnScroll ng-hide" ng-show="false">
                <div class="button button--comms shelfProductStamp-unAvailable">
                    Unavailable
                </div>
            </div>

        </div>

        <div class="shelfProductStamp-selectedPointer ng-hide" ng-class="::{'shelfProductStamp-selectedPointer--footerEnabled': product.IsFooterEnabled}" ng-show="selectedPointer()"></div>
    </div>
    <!-- ngIf: ::showFooter -->
</div></wow-shelf-product></span>

<div class="cardDetail-container ng-hide" ng-show="::card.isDetail">

    <a href="javascript:;" ng-click="cardCtrl.closeCardDetail()" class="cardDetail-close" oly-move-focus="">
        <i class="icon-close_x"></i><span class="sr-only">Close details</span></a>

    <div class="_cardDetail-content"></div>

</div></wow-card><!-- end ngRepeat: card in cards track by card.isotopeId --><wow-card ng-repeat="card in cards track by card.isotopeId" card="card" class="isotope-item card-directive" ng-class="::{'detail-wrapper': card.isDetail, 'isMoved' : card.isMoved}" data-isotope-order="250" id="e2b235ef-c510-1bb6-e26b-939980085c0b" tabindex="-1" oly-repeat-finished="onFinishRender()"><span class="_card"><wow-shelf-product product="product"><div class="shelfProductStamp card u-noOutline shelfProductStamp--regular enable-center-product-tag" data-stockcode="726350" tabindex="-1" ng-class="{
         'shelfProductStamp--regular' : !isdetail,
         'is-largeFormat': forceLargeFormatView,
         'is-smallFormat': forceSmallFormatView,
         'md-responsive' : sfResponsiveSize.medium,
         'lg-responsive' : sfResponsiveSize.large,
         'sm-responsive' : sfResponsiveSize.small,
         'xs-responsive' : sfResponsiveSize.xSmall,
         'enable-center-product-tag' : !forceDisableCenterProductTag
     }">

    <div class="shelfProductStamp-mainContainer">

        <div class="shelfProductStamp-content row">
            <div class="shelfProductStamp-imageTagsContainer" ng-switch="::(!!product.ImageTag.TagLink)">
                <img ng-src="/Content/wowProductImages/medium/726350.jpg" alt="" class="shelfProductStamp-productImage u-noOutline u-cursor-pointer" ng-click="showProductDetail($event)" ng-class="::{'u-cursor-pointer': canOpenDetail}" src="/Content/wowProductImages/medium/726350.jpg">

                <!-- ngSwitchWhen: true -->
                <!-- ngSwitchWhen: false --><span ng-switch-when="false" class="shelfProductStamp-leftTag" ng-click="gtmStaticTagClickPush()">
                    <img ng-show="::(product.ImageTag &amp;&amp; product.ImageTag.TagContent)" ng-src="/Content/PromotionTags/final-special.png" alt="On Special" class="shelfProductStamp-leftTagImage" src="/Content/PromotionTags/final-special.png">
                </span><!-- end ngSwitchWhen: -->

            </div>

            <div class="shelfProductStamp-productName">
                <h3 class="shelfProductStamp-productNameInner">
                    <!-- ngIf: ::canOpenDetail --><a ng-click="showProductDetail($event)" class="shelfProductStamp-productNameInnerDescription noVariants" ng-class="::{'noVariants': !hasVariants}" ng-href="/Shop/Search/Products?searchTerm=almonds&amp;name=woolworths-select-almonds-slivered&amp;productId=726350" ng-if="::canOpenDetail" aria-label="Woolworths Select Almonds Slivered 120g" title="Woolworths Select Almonds Slivered 120g" href="/Shop/Search/Products?searchTerm=almonds&amp;name=woolworths-select-almonds-slivered&amp;productId=726350">
                        <!-- ngIf: !displaySmallFormatVersion() && !isdetail && hasVariants -->
                        <!-- ngIf: displaySmallFormatVersion() || isdetail || !hasVariants --><span class="shelfProductStamp-productDetailsLink" ng-if="displaySmallFormatVersion() || isdetail || !hasVariants" ng-bind-html="::(product.SmallFormatDescription | sanitize)">Woolworths Select Almonds Slivered</span><!-- end ngIf: displaySmallFormatVersion() || isdetail || !hasVariants -->
                        <br>
                        <!-- ngIf: displaySmallFormatVersion() || isdetail || !hasVariants --><span class="shelfProductStamp-productDetailsPackageSize" ng-if="displaySmallFormatVersion() || isdetail || !hasVariants"> 120g</span><!-- end ngIf: displaySmallFormatVersion() || isdetail || !hasVariants -->
                    </a><!-- end ngIf: ::canOpenDetail -->
                    <!-- ngIf: ::!canOpenDetail -->
                </h3>

                <!-- ngIf: ::hasVariants -->
            </div>
            <div class="shelfProductStamp-centerProductTagContainer">
                <!-- ngIf: ::showCenterTag -->
            </div>
            <div class="shelfProductStamp-header u-ngFade">
                <wow-saved-list-product-stamp-ctrl product="::product" isdetail="isdetail"><div class="shelfProductStamp-savedLists cardViewCompactSavedToList" ng-class="{'cardViewCompactSavedToList': !isdetail}">
    <div class="shelfProductStamp-savedLists-saveToListContainer" ng-show="!isListEditMode()">
        <a href="javascript:;" ng-show="saveToListStateDefault()" ng-click="saveToDefaultList()" class="saveToList-link _saveToDefaultList saveToList-link-text saveToList-link-default">
            Save <span class="sr-only">Woolworths Select Almonds Slivered</span> to list<i class="icon-savetolist saveToList-icon-list"></i>
        </a>

        <div ng-show="saveToListStateSavedToList()" class="saveToList-link-saved saveToList-link-text ng-hide">
            Saved <span class="sr-only">Woolworths Select Almonds Slivered</span> to <a class="saveToList-link-text-link _saveToListLink" href="javascript:;" ng-click="toggleSavedListsDropdown()"></a>
            <i class="icon-tick saveToList-icon-tick"></i>
        </div>

        <ul ng-show="showSavedListsDropdown()" class="saveToList-listSelection-items saveToList-listSelection ng-hide">
            <!-- ngRepeat: list in savedListsSelection -->
        </ul>
    </div>

    <a href="javascript:;" class="shelfProductStamp-savedLists-editModeRemoveIconContainer ng-hide" ng-show="isListEditMode() &amp;&amp; !isdetail" ng-click="deleteListItem()">
        <span class="sr-only">Remove Woolworths Select Almonds Slivered from list</span><i class="removeIcon icon-close_x"></i>
    </a>
</div></wow-saved-list-product-stamp-ctrl>
            </div>

            <!-- ngIf: (showFooter || showCenterTag) -->

            <wow-shelf-product-pricing-container class="shelfProductStamp-pricingContainer" product="::product"><!-- ngIf: ::(!featuresEnabled) -->

<!-- ngIf: ::featuresEnabled --><div class="pricingContainer pricingContainer--grid u-ngFade noCenterTag" ng-class="::{'noCenterTag': !showCenterTag}" ng-if="::featuresEnabled">
    <!-- ngIf: ::(product.IsOnSpecial && !product.HideWasSavedPrice) --><div class="pricingContainer-saveWrapper" ng-if="::(product.IsOnSpecial &amp;&amp; !product.HideWasSavedPrice)">
        <div class="pricingContainer-saveContainer">
            <span class="pricingContainer-saveHeading">SAVE</span>
            <span class="pricingContainer-savePrice">$0.51</span>
        </div>
    </div><!-- end ngIf: ::(product.IsOnSpecial && !product.HideWasSavedPrice) -->
    <div class="pricingContainer-priceContainer">
        <span class="pricingContainer-priceAmount u-special" ng-class="::specialClass">$3.99</span>
        <!-- ngIf: ::product.CupPrice --><span ng-if="::product.CupPrice" class="pricingContainer-priceCup">
            $33.25 / 1KG
        </span><!-- end ngIf: ::product.CupPrice -->
    </div>
</div><!-- end ngIf: ::featuresEnabled --></wow-shelf-product-pricing-container>

            <wow-trolley-controls class="u-ngFade" product="::product" use-trolley-quantity="true"><form role="form" ng-submit="addOrUpdate()" class="trolley-controls  _hideOnScroll ng-valid-maxlength" ng-show="true">
    <!-- ngIf: trolleyControlMessage --><span class="sr-only" role="status" aria-live="polite" aria-atomic="true" ng-bind="message" message="selected quantity is 1." ng-if="trolleyControlMessage">selected quantity is 1.</span><!-- end ngIf: trolleyControlMessage -->

    <div role="group" aria-label="Woolworths Select Almonds Slivered">
        <button type="button" class="trolley-quantity-button trolley-quantity-decrement disabled" ng-click="decrement()" ng-class="{'disabled': isDecrementDisabled}">
            <span class="sr-only">Decrease  order amount</span><i class="icon-quantity_minus trolley-quantity-minus"></i>
        </button>
        <button type="button" class="trolley-quantity-button trolley-quantity-increment" ng-click="increment()" ng-class="{'disabled': isIncrementDisabled}">
            <span class="sr-only">Increase  order amount</span><i class="icon-quantity_plus trolley-quantity-plus"></i>
        </button>
        <label for="2ced53fb-c436-2a4e-b77f-9e35ab418774">
            <span class="sr-only">Order quantity</span>
        </label>
        <input type="text" class="quantity-input ng-pristine ng-untouched ng-valid ng-valid-maxlength" id="2ced53fb-c436-2a4e-b77f-9e35ab418774" ng-class="{'kilograms disabled': isInKilograms}" ng-disabled="::isInKilograms" ng-model="::updateQuantity" ng-model-options="::{ getterSetter: true, updateOn: 'default blur', debounce: { default: 200, blur: 0 } }" ng-blur="::blur()" maxlength="5">
        <button type="submit" class="button button--primary add-to-trolley-button" ng-class="{'disabled': showDisabledState()}" ng-show="::showAddOrUpdate">
            <span class="_quantity-input-value">Add</span> <span class="sr-only">item to trolley</span>
        </button>
    </div>
</form>
<!-- ngIf: modalMessage --></wow-trolley-controls>

            <div class="trolley-controls _hideOnScroll ng-hide" ng-show="false">
                <div class="button button--comms shelfProductStamp-unAvailable">
                    Unavailable
                </div>
            </div>

        </div>

        <div class="shelfProductStamp-selectedPointer ng-hide" ng-class="::{'shelfProductStamp-selectedPointer--footerEnabled': product.IsFooterEnabled}" ng-show="selectedPointer()"></div>
    </div>
    <!-- ngIf: ::showFooter -->
</div></wow-shelf-product></span>

<div class="cardDetail-container ng-hide" ng-show="::card.isDetail">

    <a href="javascript:;" ng-click="cardCtrl.closeCardDetail()" class="cardDetail-close" oly-move-focus="">
        <i class="icon-close_x"></i><span class="sr-only">Close details</span></a>

    <div class="_cardDetail-content"></div>

</div></wow-card><!-- end ngRepeat: card in cards track by card.isotopeId --><wow-card ng-repeat="card in cards track by card.isotopeId" card="card" class="isotope-item card-directive" ng-class="::{'detail-wrapper': card.isDetail, 'isMoved' : card.isMoved}" data-isotope-order="260" id="b1f301bc-57bd-61b0-31c3-ceaa56bce5a3" tabindex="-1" oly-repeat-finished="onFinishRender()"><span class="_card"><wow-shelf-product product="product"><div class="shelfProductStamp card u-noOutline shelfProductStamp--regular enable-center-product-tag" data-stockcode="783097" tabindex="-1" ng-class="{
         'shelfProductStamp--regular' : !isdetail,
         'is-largeFormat': forceLargeFormatView,
         'is-smallFormat': forceSmallFormatView,
         'md-responsive' : sfResponsiveSize.medium,
         'lg-responsive' : sfResponsiveSize.large,
         'sm-responsive' : sfResponsiveSize.small,
         'xs-responsive' : sfResponsiveSize.xSmall,
         'enable-center-product-tag' : !forceDisableCenterProductTag
     }">

    <div class="shelfProductStamp-mainContainer">

        <div class="shelfProductStamp-content row">
            <div class="shelfProductStamp-imageTagsContainer" ng-switch="::(!!product.ImageTag.TagLink)">
                <img ng-src="/Content/wowProductImages/medium/783097.JPG" alt="" class="shelfProductStamp-productImage u-noOutline u-cursor-pointer" ng-click="showProductDetail($event)" ng-class="::{'u-cursor-pointer': canOpenDetail}" src="/Content/wowProductImages/medium/783097.JPG">

                <!-- ngSwitchWhen: true -->
                <!-- ngSwitchWhen: false --><span ng-switch-when="false" class="shelfProductStamp-leftTag" ng-click="gtmStaticTagClickPush()">
                    <img ng-show="::(product.ImageTag &amp;&amp; product.ImageTag.TagContent)" ng-src="" alt="" class="shelfProductStamp-leftTagImage ng-hide">
                </span><!-- end ngSwitchWhen: -->

            </div>

            <div class="shelfProductStamp-productName">
                <h3 class="shelfProductStamp-productNameInner">
                    <!-- ngIf: ::canOpenDetail --><a ng-click="showProductDetail($event)" class="shelfProductStamp-productNameInnerDescription noVariants" ng-class="::{'noVariants': !hasVariants}" ng-href="/Shop/Search/Products?searchTerm=almonds&amp;name=sunbeam-almonds-meal-value-pack&amp;productId=783097" ng-if="::canOpenDetail" aria-label="Sunbeam Almonds Meal Value Pack 350g" title="Sunbeam Almonds Meal Value Pack 350g" href="/Shop/Search/Products?searchTerm=almonds&amp;name=sunbeam-almonds-meal-value-pack&amp;productId=783097">
                        <!-- ngIf: !displaySmallFormatVersion() && !isdetail && hasVariants -->
                        <!-- ngIf: displaySmallFormatVersion() || isdetail || !hasVariants --><span class="shelfProductStamp-productDetailsLink" ng-if="displaySmallFormatVersion() || isdetail || !hasVariants" ng-bind-html="::(product.SmallFormatDescription | sanitize)">Sunbeam Almonds Meal Value Pack</span><!-- end ngIf: displaySmallFormatVersion() || isdetail || !hasVariants -->
                        <br>
                        <!-- ngIf: displaySmallFormatVersion() || isdetail || !hasVariants --><span class="shelfProductStamp-productDetailsPackageSize" ng-if="displaySmallFormatVersion() || isdetail || !hasVariants"> 350g</span><!-- end ngIf: displaySmallFormatVersion() || isdetail || !hasVariants -->
                    </a><!-- end ngIf: ::canOpenDetail -->
                    <!-- ngIf: ::!canOpenDetail -->
                </h3>

                <!-- ngIf: ::hasVariants -->
            </div>
            <div class="shelfProductStamp-centerProductTagContainer">
                <!-- ngIf: ::showCenterTag -->
            </div>
            <div class="shelfProductStamp-header u-ngFade">
                <wow-saved-list-product-stamp-ctrl product="::product" isdetail="isdetail"><div class="shelfProductStamp-savedLists cardViewCompactSavedToList" ng-class="{'cardViewCompactSavedToList': !isdetail}">
    <div class="shelfProductStamp-savedLists-saveToListContainer" ng-show="!isListEditMode()">
        <a href="javascript:;" ng-show="saveToListStateDefault()" ng-click="saveToDefaultList()" class="saveToList-link _saveToDefaultList saveToList-link-text saveToList-link-default">
            Save <span class="sr-only">Sunbeam Almonds Meal Value Pack</span> to list<i class="icon-savetolist saveToList-icon-list"></i>
        </a>

        <div ng-show="saveToListStateSavedToList()" class="saveToList-link-saved saveToList-link-text ng-hide">
            Saved <span class="sr-only">Sunbeam Almonds Meal Value Pack</span> to <a class="saveToList-link-text-link _saveToListLink" href="javascript:;" ng-click="toggleSavedListsDropdown()"></a>
            <i class="icon-tick saveToList-icon-tick"></i>
        </div>

        <ul ng-show="showSavedListsDropdown()" class="saveToList-listSelection-items saveToList-listSelection ng-hide">
            <!-- ngRepeat: list in savedListsSelection -->
        </ul>
    </div>

    <a href="javascript:;" class="shelfProductStamp-savedLists-editModeRemoveIconContainer ng-hide" ng-show="isListEditMode() &amp;&amp; !isdetail" ng-click="deleteListItem()">
        <span class="sr-only">Remove Sunbeam Almonds Meal Value Pack from list</span><i class="removeIcon icon-close_x"></i>
    </a>
</div></wow-saved-list-product-stamp-ctrl>
            </div>

            <!-- ngIf: (showFooter || showCenterTag) -->

            <wow-shelf-product-pricing-container class="shelfProductStamp-pricingContainer" product="::product"><!-- ngIf: ::(!featuresEnabled) -->

<!-- ngIf: ::featuresEnabled --><div class="pricingContainer pricingContainer--grid u-ngFade noCenterTag" ng-class="::{'noCenterTag': !showCenterTag}" ng-if="::featuresEnabled">
    <!-- ngIf: ::(product.IsOnSpecial && !product.HideWasSavedPrice) -->
    <div class="pricingContainer-priceContainer">
        <span class="pricingContainer-priceAmount" ng-class="::specialClass">$10.75</span>
        <!-- ngIf: ::product.CupPrice --><span ng-if="::product.CupPrice" class="pricingContainer-priceCup">
            $30.71 / 1KG
        </span><!-- end ngIf: ::product.CupPrice -->
    </div>
</div><!-- end ngIf: ::featuresEnabled --></wow-shelf-product-pricing-container>

            <wow-trolley-controls class="u-ngFade" product="::product" use-trolley-quantity="true"><form role="form" ng-submit="addOrUpdate()" class="trolley-controls  _hideOnScroll ng-valid-maxlength" ng-show="true">
    <!-- ngIf: trolleyControlMessage --><span class="sr-only" role="status" aria-live="polite" aria-atomic="true" ng-bind="message" message="selected quantity is 1." ng-if="trolleyControlMessage">selected quantity is 1.</span><!-- end ngIf: trolleyControlMessage -->

    <div role="group" aria-label="Sunbeam Almonds Meal Value Pack">
        <button type="button" class="trolley-quantity-button trolley-quantity-decrement disabled" ng-click="decrement()" ng-class="{'disabled': isDecrementDisabled}">
            <span class="sr-only">Decrease  order amount</span><i class="icon-quantity_minus trolley-quantity-minus"></i>
        </button>
        <button type="button" class="trolley-quantity-button trolley-quantity-increment" ng-click="increment()" ng-class="{'disabled': isIncrementDisabled}">
            <span class="sr-only">Increase  order amount</span><i class="icon-quantity_plus trolley-quantity-plus"></i>
        </button>
        <label for="1af5b88a-0eb6-48f9-750a-1a5f6f051967">
            <span class="sr-only">Order quantity</span>
        </label>
        <input type="text" class="quantity-input ng-pristine ng-untouched ng-valid ng-valid-maxlength" id="1af5b88a-0eb6-48f9-750a-1a5f6f051967" ng-class="{'kilograms disabled': isInKilograms}" ng-disabled="::isInKilograms" ng-model="::updateQuantity" ng-model-options="::{ getterSetter: true, updateOn: 'default blur', debounce: { default: 200, blur: 0 } }" ng-blur="::blur()" maxlength="5">
        <button type="submit" class="button button--primary add-to-trolley-button" ng-class="{'disabled': showDisabledState()}" ng-show="::showAddOrUpdate">
            <span class="_quantity-input-value">Add</span> <span class="sr-only">item to trolley</span>
        </button>
    </div>
</form>
<!-- ngIf: modalMessage --></wow-trolley-controls>

            <div class="trolley-controls _hideOnScroll ng-hide" ng-show="false">
                <div class="button button--comms shelfProductStamp-unAvailable">
                    Unavailable
                </div>
            </div>

        </div>

        <div class="shelfProductStamp-selectedPointer ng-hide" ng-class="::{'shelfProductStamp-selectedPointer--footerEnabled': product.IsFooterEnabled}" ng-show="selectedPointer()"></div>
    </div>
    <!-- ngIf: ::showFooter -->
</div></wow-shelf-product></span>

<div class="cardDetail-container ng-hide" ng-show="::card.isDetail">

    <a href="javascript:;" ng-click="cardCtrl.closeCardDetail()" class="cardDetail-close" oly-move-focus="">
        <i class="icon-close_x"></i><span class="sr-only">Close details</span></a>

    <div class="_cardDetail-content"></div>

</div></wow-card><!-- end ngRepeat: card in cards track by card.isotopeId --><wow-card ng-repeat="card in cards track by card.isotopeId" card="card" class="isotope-item card-directive" ng-class="::{'detail-wrapper': card.isDetail, 'isMoved' : card.isMoved}" data-isotope-order="270" id="55e60c01-8610-fe2d-aa37-738ff04681de" tabindex="-1" oly-repeat-finished="onFinishRender()"><span class="_card"><wow-shelf-product product="product"><div class="shelfProductStamp card u-noOutline shelfProductStamp--regular enable-center-product-tag" data-stockcode="841626" tabindex="-1" ng-class="{
         'shelfProductStamp--regular' : !isdetail,
         'is-largeFormat': forceLargeFormatView,
         'is-smallFormat': forceSmallFormatView,
         'md-responsive' : sfResponsiveSize.medium,
         'lg-responsive' : sfResponsiveSize.large,
         'sm-responsive' : sfResponsiveSize.small,
         'xs-responsive' : sfResponsiveSize.xSmall,
         'enable-center-product-tag' : !forceDisableCenterProductTag
     }">

    <div class="shelfProductStamp-mainContainer">

        <div class="shelfProductStamp-content row">
            <div class="shelfProductStamp-imageTagsContainer" ng-switch="::(!!product.ImageTag.TagLink)">
                <img ng-src="/Content/wowProductImages/medium/841626.JPG" alt="" class="shelfProductStamp-productImage u-noOutline u-cursor-pointer" ng-click="showProductDetail($event)" ng-class="::{'u-cursor-pointer': canOpenDetail}" src="/Content/wowProductImages/medium/841626.JPG">

                <!-- ngSwitchWhen: true -->
                <!-- ngSwitchWhen: false --><span ng-switch-when="false" class="shelfProductStamp-leftTag" ng-click="gtmStaticTagClickPush()">
                    <img ng-show="::(product.ImageTag &amp;&amp; product.ImageTag.TagContent)" ng-src="" alt="" class="shelfProductStamp-leftTagImage ng-hide">
                </span><!-- end ngSwitchWhen: -->

            </div>

            <div class="shelfProductStamp-productName">
                <h3 class="shelfProductStamp-productNameInner">
                    <!-- ngIf: ::canOpenDetail --><a ng-click="showProductDetail($event)" class="shelfProductStamp-productNameInnerDescription noVariants" ng-class="::{'noVariants': !hasVariants}" ng-href="/Shop/Search/Products?searchTerm=almonds&amp;name=sunbeam-dry-roasted-silivered-almonds&amp;productId=841626" ng-if="::canOpenDetail" aria-label="Sunbeam Dry Roasted Silivered Almonds 100g" title="Sunbeam Dry Roasted Silivered Almonds 100g" href="/Shop/Search/Products?searchTerm=almonds&amp;name=sunbeam-dry-roasted-silivered-almonds&amp;productId=841626">
                        <!-- ngIf: !displaySmallFormatVersion() && !isdetail && hasVariants -->
                        <!-- ngIf: displaySmallFormatVersion() || isdetail || !hasVariants --><span class="shelfProductStamp-productDetailsLink" ng-if="displaySmallFormatVersion() || isdetail || !hasVariants" ng-bind-html="::(product.SmallFormatDescription | sanitize)">Sunbeam Dry Roasted Silivered Almonds</span><!-- end ngIf: displaySmallFormatVersion() || isdetail || !hasVariants -->
                        <br>
                        <!-- ngIf: displaySmallFormatVersion() || isdetail || !hasVariants --><span class="shelfProductStamp-productDetailsPackageSize" ng-if="displaySmallFormatVersion() || isdetail || !hasVariants"> 100g</span><!-- end ngIf: displaySmallFormatVersion() || isdetail || !hasVariants -->
                    </a><!-- end ngIf: ::canOpenDetail -->
                    <!-- ngIf: ::!canOpenDetail -->
                </h3>

                <!-- ngIf: ::hasVariants -->
            </div>
            <div class="shelfProductStamp-centerProductTagContainer">
                <!-- ngIf: ::showCenterTag -->
            </div>
            <div class="shelfProductStamp-header u-ngFade">
                <wow-saved-list-product-stamp-ctrl product="::product" isdetail="isdetail"><div class="shelfProductStamp-savedLists cardViewCompactSavedToList" ng-class="{'cardViewCompactSavedToList': !isdetail}">
    <div class="shelfProductStamp-savedLists-saveToListContainer" ng-show="!isListEditMode()">
        <a href="javascript:;" ng-show="saveToListStateDefault()" ng-click="saveToDefaultList()" class="saveToList-link _saveToDefaultList saveToList-link-text saveToList-link-default">
            Save <span class="sr-only">Sunbeam Dry Roasted Silivered Almonds</span> to list<i class="icon-savetolist saveToList-icon-list"></i>
        </a>

        <div ng-show="saveToListStateSavedToList()" class="saveToList-link-saved saveToList-link-text ng-hide">
            Saved <span class="sr-only">Sunbeam Dry Roasted Silivered Almonds</span> to <a class="saveToList-link-text-link _saveToListLink" href="javascript:;" ng-click="toggleSavedListsDropdown()"></a>
            <i class="icon-tick saveToList-icon-tick"></i>
        </div>

        <ul ng-show="showSavedListsDropdown()" class="saveToList-listSelection-items saveToList-listSelection ng-hide">
            <!-- ngRepeat: list in savedListsSelection -->
        </ul>
    </div>

    <a href="javascript:;" class="shelfProductStamp-savedLists-editModeRemoveIconContainer ng-hide" ng-show="isListEditMode() &amp;&amp; !isdetail" ng-click="deleteListItem()">
        <span class="sr-only">Remove Sunbeam Dry Roasted Silivered Almonds from list</span><i class="removeIcon icon-close_x"></i>
    </a>
</div></wow-saved-list-product-stamp-ctrl>
            </div>

            <!-- ngIf: (showFooter || showCenterTag) -->

            <wow-shelf-product-pricing-container class="shelfProductStamp-pricingContainer" product="::product"><!-- ngIf: ::(!featuresEnabled) -->

<!-- ngIf: ::featuresEnabled --><div class="pricingContainer pricingContainer--grid u-ngFade noCenterTag" ng-class="::{'noCenterTag': !showCenterTag}" ng-if="::featuresEnabled">
    <!-- ngIf: ::(product.IsOnSpecial && !product.HideWasSavedPrice) -->
    <div class="pricingContainer-priceContainer">
        <span class="pricingContainer-priceAmount" ng-class="::specialClass">$5.50</span>
        <!-- ngIf: ::product.CupPrice --><span ng-if="::product.CupPrice" class="pricingContainer-priceCup">
            $55.00 / 1KG
        </span><!-- end ngIf: ::product.CupPrice -->
    </div>
</div><!-- end ngIf: ::featuresEnabled --></wow-shelf-product-pricing-container>

            <wow-trolley-controls class="u-ngFade" product="::product" use-trolley-quantity="true"><form role="form" ng-submit="addOrUpdate()" class="trolley-controls  _hideOnScroll ng-valid-maxlength" ng-show="true">
    <!-- ngIf: trolleyControlMessage --><span class="sr-only" role="status" aria-live="polite" aria-atomic="true" ng-bind="message" message="selected quantity is 1." ng-if="trolleyControlMessage">selected quantity is 1.</span><!-- end ngIf: trolleyControlMessage -->

    <div role="group" aria-label="Sunbeam Dry Roasted Silivered Almonds">
        <button type="button" class="trolley-quantity-button trolley-quantity-decrement disabled" ng-click="decrement()" ng-class="{'disabled': isDecrementDisabled}">
            <span class="sr-only">Decrease  order amount</span><i class="icon-quantity_minus trolley-quantity-minus"></i>
        </button>
        <button type="button" class="trolley-quantity-button trolley-quantity-increment" ng-click="increment()" ng-class="{'disabled': isIncrementDisabled}">
            <span class="sr-only">Increase  order amount</span><i class="icon-quantity_plus trolley-quantity-plus"></i>
        </button>
        <label for="32cde913-6623-b529-29b7-2879857834b2">
            <span class="sr-only">Order quantity</span>
        </label>
        <input type="text" class="quantity-input ng-pristine ng-untouched ng-valid ng-valid-maxlength" id="32cde913-6623-b529-29b7-2879857834b2" ng-class="{'kilograms disabled': isInKilograms}" ng-disabled="::isInKilograms" ng-model="::updateQuantity" ng-model-options="::{ getterSetter: true, updateOn: 'default blur', debounce: { default: 200, blur: 0 } }" ng-blur="::blur()" maxlength="5">
        <button type="submit" class="button button--primary add-to-trolley-button" ng-class="{'disabled': showDisabledState()}" ng-show="::showAddOrUpdate">
            <span class="_quantity-input-value">Add</span> <span class="sr-only">item to trolley</span>
        </button>
    </div>
</form>
<!-- ngIf: modalMessage --></wow-trolley-controls>

            <div class="trolley-controls _hideOnScroll ng-hide" ng-show="false">
                <div class="button button--comms shelfProductStamp-unAvailable">
                    Unavailable
                </div>
            </div>

        </div>

        <div class="shelfProductStamp-selectedPointer ng-hide" ng-class="::{'shelfProductStamp-selectedPointer--footerEnabled': product.IsFooterEnabled}" ng-show="selectedPointer()"></div>
    </div>
    <!-- ngIf: ::showFooter -->
</div></wow-shelf-product></span>

<div class="cardDetail-container ng-hide" ng-show="::card.isDetail">

    <a href="javascript:;" ng-click="cardCtrl.closeCardDetail()" class="cardDetail-close" oly-move-focus="">
        <i class="icon-close_x"></i><span class="sr-only">Close details</span></a>

    <div class="_cardDetail-content"></div>

</div></wow-card><!-- end ngRepeat: card in cards track by card.isotopeId --><wow-card ng-repeat="card in cards track by card.isotopeId" card="card" class="isotope-item card-directive" ng-class="::{'detail-wrapper': card.isDetail, 'isMoved' : card.isMoved}" data-isotope-order="280" id="c37e97de-2b2c-beb0-1b80-0576a4457526" tabindex="-1" oly-repeat-finished="onFinishRender()"><span class="_card"><wow-shelf-product product="product"><div class="shelfProductStamp card u-noOutline shelfProductStamp--regular enable-center-product-tag" data-stockcode="334861" tabindex="-1" ng-class="{
         'shelfProductStamp--regular' : !isdetail,
         'is-largeFormat': forceLargeFormatView,
         'is-smallFormat': forceSmallFormatView,
         'md-responsive' : sfResponsiveSize.medium,
         'lg-responsive' : sfResponsiveSize.large,
         'sm-responsive' : sfResponsiveSize.small,
         'xs-responsive' : sfResponsiveSize.xSmall,
         'enable-center-product-tag' : !forceDisableCenterProductTag
     }">

    <div class="shelfProductStamp-mainContainer">

        <div class="shelfProductStamp-content row">
            <div class="shelfProductStamp-imageTagsContainer" ng-switch="::(!!product.ImageTag.TagLink)">
                <img ng-src="/Content/wowProductImages/medium/334861.jpg" alt="" class="shelfProductStamp-productImage u-noOutline u-cursor-pointer" ng-click="showProductDetail($event)" ng-class="::{'u-cursor-pointer': canOpenDetail}" src="/Content/wowProductImages/medium/334861.jpg">

                <!-- ngSwitchWhen: true -->
                <!-- ngSwitchWhen: false --><span ng-switch-when="false" class="shelfProductStamp-leftTag" ng-click="gtmStaticTagClickPush()">
                    <img ng-show="::(product.ImageTag &amp;&amp; product.ImageTag.TagContent)" ng-src="" alt="" class="shelfProductStamp-leftTagImage ng-hide">
                </span><!-- end ngSwitchWhen: -->

            </div>

            <div class="shelfProductStamp-productName">
                <h3 class="shelfProductStamp-productNameInner">
                    <!-- ngIf: ::canOpenDetail --><a ng-click="showProductDetail($event)" class="shelfProductStamp-productNameInnerDescription noVariants" ng-class="::{'noVariants': !hasVariants}" ng-href="/Shop/Search/Products?searchTerm=almonds&amp;name=macro-organic-nuts-almonds&amp;productId=334861" ng-if="::canOpenDetail" aria-label="Macro Organic Nuts Almonds 500g" title="Macro Organic Nuts Almonds 500g" href="/Shop/Search/Products?searchTerm=almonds&amp;name=macro-organic-nuts-almonds&amp;productId=334861">
                        <!-- ngIf: !displaySmallFormatVersion() && !isdetail && hasVariants -->
                        <!-- ngIf: displaySmallFormatVersion() || isdetail || !hasVariants --><span class="shelfProductStamp-productDetailsLink" ng-if="displaySmallFormatVersion() || isdetail || !hasVariants" ng-bind-html="::(product.SmallFormatDescription | sanitize)">Macro Organic Nuts Almonds</span><!-- end ngIf: displaySmallFormatVersion() || isdetail || !hasVariants -->
                        <br>
                        <!-- ngIf: displaySmallFormatVersion() || isdetail || !hasVariants --><span class="shelfProductStamp-productDetailsPackageSize" ng-if="displaySmallFormatVersion() || isdetail || !hasVariants"> 500g</span><!-- end ngIf: displaySmallFormatVersion() || isdetail || !hasVariants -->
                    </a><!-- end ngIf: ::canOpenDetail -->
                    <!-- ngIf: ::!canOpenDetail -->
                </h3>

                <!-- ngIf: ::hasVariants -->
            </div>
            <div class="shelfProductStamp-centerProductTagContainer">
                <!-- ngIf: ::showCenterTag -->
            </div>
            <div class="shelfProductStamp-header u-ngFade">
                <wow-saved-list-product-stamp-ctrl product="::product" isdetail="isdetail"><div class="shelfProductStamp-savedLists cardViewCompactSavedToList" ng-class="{'cardViewCompactSavedToList': !isdetail}">
    <div class="shelfProductStamp-savedLists-saveToListContainer" ng-show="!isListEditMode()">
        <a href="javascript:;" ng-show="saveToListStateDefault()" ng-click="saveToDefaultList()" class="saveToList-link _saveToDefaultList saveToList-link-text saveToList-link-default">
            Save <span class="sr-only">Macro Organic Nuts Almonds</span> to list<i class="icon-savetolist saveToList-icon-list"></i>
        </a>

        <div ng-show="saveToListStateSavedToList()" class="saveToList-link-saved saveToList-link-text ng-hide">
            Saved <span class="sr-only">Macro Organic Nuts Almonds</span> to <a class="saveToList-link-text-link _saveToListLink" href="javascript:;" ng-click="toggleSavedListsDropdown()"></a>
            <i class="icon-tick saveToList-icon-tick"></i>
        </div>

        <ul ng-show="showSavedListsDropdown()" class="saveToList-listSelection-items saveToList-listSelection ng-hide">
            <!-- ngRepeat: list in savedListsSelection -->
        </ul>
    </div>

    <a href="javascript:;" class="shelfProductStamp-savedLists-editModeRemoveIconContainer ng-hide" ng-show="isListEditMode() &amp;&amp; !isdetail" ng-click="deleteListItem()">
        <span class="sr-only">Remove Macro Organic Nuts Almonds from list</span><i class="removeIcon icon-close_x"></i>
    </a>
</div></wow-saved-list-product-stamp-ctrl>
            </div>

            <!-- ngIf: (showFooter || showCenterTag) -->

            <wow-shelf-product-pricing-container class="shelfProductStamp-pricingContainer" product="::product"><!-- ngIf: ::(!featuresEnabled) -->

<!-- ngIf: ::featuresEnabled --><div class="pricingContainer pricingContainer--grid u-ngFade noCenterTag" ng-class="::{'noCenterTag': !showCenterTag}" ng-if="::featuresEnabled">
    <!-- ngIf: ::(product.IsOnSpecial && !product.HideWasSavedPrice) -->
    <div class="pricingContainer-priceContainer">
        <span class="pricingContainer-priceAmount" ng-class="::specialClass">$15.99</span>
        <!-- ngIf: ::product.CupPrice --><span ng-if="::product.CupPrice" class="pricingContainer-priceCup">
            $31.98 / 1KG
        </span><!-- end ngIf: ::product.CupPrice -->
    </div>
</div><!-- end ngIf: ::featuresEnabled --></wow-shelf-product-pricing-container>

            <wow-trolley-controls class="u-ngFade" product="::product" use-trolley-quantity="true"><form role="form" ng-submit="addOrUpdate()" class="trolley-controls  _hideOnScroll ng-valid-maxlength" ng-show="true">
    <!-- ngIf: trolleyControlMessage --><span class="sr-only" role="status" aria-live="polite" aria-atomic="true" ng-bind="message" message="selected quantity is 1." ng-if="trolleyControlMessage">selected quantity is 1.</span><!-- end ngIf: trolleyControlMessage -->

    <div role="group" aria-label="Macro Organic Nuts Almonds">
        <button type="button" class="trolley-quantity-button trolley-quantity-decrement disabled" ng-click="decrement()" ng-class="{'disabled': isDecrementDisabled}">
            <span class="sr-only">Decrease  order amount</span><i class="icon-quantity_minus trolley-quantity-minus"></i>
        </button>
        <button type="button" class="trolley-quantity-button trolley-quantity-increment" ng-click="increment()" ng-class="{'disabled': isIncrementDisabled}">
            <span class="sr-only">Increase  order amount</span><i class="icon-quantity_plus trolley-quantity-plus"></i>
        </button>
        <label for="7534a2d7-e2a0-4d8c-d881-62c3fd5a93d7">
            <span class="sr-only">Order quantity</span>
        </label>
        <input type="text" class="quantity-input ng-pristine ng-untouched ng-valid ng-valid-maxlength" id="7534a2d7-e2a0-4d8c-d881-62c3fd5a93d7" ng-class="{'kilograms disabled': isInKilograms}" ng-disabled="::isInKilograms" ng-model="::updateQuantity" ng-model-options="::{ getterSetter: true, updateOn: 'default blur', debounce: { default: 200, blur: 0 } }" ng-blur="::blur()" maxlength="5">
        <button type="submit" class="button button--primary add-to-trolley-button" ng-class="{'disabled': showDisabledState()}" ng-show="::showAddOrUpdate">
            <span class="_quantity-input-value">Add</span> <span class="sr-only">item to trolley</span>
        </button>
    </div>
</form>
<!-- ngIf: modalMessage --></wow-trolley-controls>

            <div class="trolley-controls _hideOnScroll ng-hide" ng-show="false">
                <div class="button button--comms shelfProductStamp-unAvailable">
                    Unavailable
                </div>
            </div>

        </div>

        <div class="shelfProductStamp-selectedPointer ng-hide" ng-class="::{'shelfProductStamp-selectedPointer--footerEnabled': product.IsFooterEnabled}" ng-show="selectedPointer()"></div>
    </div>
    <!-- ngIf: ::showFooter -->
</div></wow-shelf-product></span>

<div class="cardDetail-container ng-hide" ng-show="::card.isDetail">

    <a href="javascript:;" ng-click="cardCtrl.closeCardDetail()" class="cardDetail-close" oly-move-focus="">
        <i class="icon-close_x"></i><span class="sr-only">Close details</span></a>

    <div class="_cardDetail-content"></div>

</div></wow-card><!-- end ngRepeat: card in cards track by card.isotopeId --><wow-card ng-repeat="card in cards track by card.isotopeId" card="card" class="isotope-item card-directive" ng-class="::{'detail-wrapper': card.isDetail, 'isMoved' : card.isMoved}" data-isotope-order="290" id="e785f960-a6f1-e629-498b-db0c7b6352cd" tabindex="-1" oly-repeat-finished="onFinishRender()"><span class="_card"><wow-shelf-product product="product"><div class="shelfProductStamp card u-noOutline shelfProductStamp--regular enable-center-product-tag" data-stockcode="368719" tabindex="-1" ng-class="{
         'shelfProductStamp--regular' : !isdetail,
         'is-largeFormat': forceLargeFormatView,
         'is-smallFormat': forceSmallFormatView,
         'md-responsive' : sfResponsiveSize.medium,
         'lg-responsive' : sfResponsiveSize.large,
         'sm-responsive' : sfResponsiveSize.small,
         'xs-responsive' : sfResponsiveSize.xSmall,
         'enable-center-product-tag' : !forceDisableCenterProductTag
     }">

    <div class="shelfProductStamp-mainContainer">

        <div class="shelfProductStamp-content row">
            <div class="shelfProductStamp-imageTagsContainer" ng-switch="::(!!product.ImageTag.TagLink)">
                <img ng-src="/Content/wowProductImages/medium/368719.JPG" alt="" class="shelfProductStamp-productImage u-noOutline u-cursor-pointer" ng-click="showProductDetail($event)" ng-class="::{'u-cursor-pointer': canOpenDetail}" src="/Content/wowProductImages/medium/368719.JPG">

                <!-- ngSwitchWhen: true -->
                <!-- ngSwitchWhen: false --><span ng-switch-when="false" class="shelfProductStamp-leftTag" ng-click="gtmStaticTagClickPush()">
                    <img ng-show="::(product.ImageTag &amp;&amp; product.ImageTag.TagContent)" ng-src="" alt="" class="shelfProductStamp-leftTagImage ng-hide">
                </span><!-- end ngSwitchWhen: -->

            </div>

            <div class="shelfProductStamp-productName">
                <h3 class="shelfProductStamp-productNameInner">
                    <!-- ngIf: ::canOpenDetail --><a ng-click="showProductDetail($event)" class="shelfProductStamp-productNameInnerDescription noVariants" ng-class="::{'noVariants': !hasVariants}" ng-href="/Shop/Search/Products?searchTerm=almonds&amp;name=macro-almonds-oven-roasted&amp;productId=368719" ng-if="::canOpenDetail" aria-label="Macro Almonds Oven Roasted 225g pot" title="Macro Almonds Oven Roasted 225g pot" href="/Shop/Search/Products?searchTerm=almonds&amp;name=macro-almonds-oven-roasted&amp;productId=368719">
                        <!-- ngIf: !displaySmallFormatVersion() && !isdetail && hasVariants -->
                        <!-- ngIf: displaySmallFormatVersion() || isdetail || !hasVariants --><span class="shelfProductStamp-productDetailsLink" ng-if="displaySmallFormatVersion() || isdetail || !hasVariants" ng-bind-html="::(product.SmallFormatDescription | sanitize)">Macro Almonds Oven Roasted</span><!-- end ngIf: displaySmallFormatVersion() || isdetail || !hasVariants -->
                        <br>
                        <!-- ngIf: displaySmallFormatVersion() || isdetail || !hasVariants --><span class="shelfProductStamp-productDetailsPackageSize" ng-if="displaySmallFormatVersion() || isdetail || !hasVariants"> 225g pot</span><!-- end ngIf: displaySmallFormatVersion() || isdetail || !hasVariants -->
                    </a><!-- end ngIf: ::canOpenDetail -->
                    <!-- ngIf: ::!canOpenDetail -->
                </h3>

                <!-- ngIf: ::hasVariants -->
            </div>
            <div class="shelfProductStamp-centerProductTagContainer">
                <!-- ngIf: ::showCenterTag --><wow-shelf-product-producttag ng-if="::showCenterTag" sr-only="false" is-footer="false" product="::product" class=""><!-- ngRepeat: tag in ::srOnlyTags -->
<!-- ngIf: ::!srOnly --><div ng-if="::!srOnly" aria-hidden="true" ng-class="::{'shelfProductStampFooter-innerContainer': isFooter,'withIcon': withIcon, 'shelfProductStamp-centerProductTag' : !isFooter}" class="shelfProductStamp-centerProductTag">
    <!-- ngIf: ::tag.TagType === 'Text' -->

    <!-- ngIf: ::tag.TagType === 'Html' --><div ng-if="::tag.TagType === 'Html'" ng-class="::{'shelfProductStampFooter-html' : isFooter, 'shelfProductStamp-centerProductTagHtml' : !isFooter}" class="shelfProductStamp-centerProductTagHtml">
        <!-- ngIf: enabledCenterProductTag && tag.TagLink -->
        <!-- ngIf: !enabledCenterProductTag || !tag.TagLink --><span ng-if="!enabledCenterProductTag || !tag.TagLink" ng-bind-html="::tag.displayContent" ng-click="htmlTagClick($event)" class="shelfProductStamp-centerProductTagHtmlInner"><a title="2 for 10.000" href="/Shop/ProductGroup/69896"><span style="COLOR: #e2001a">2 for $10.00</span> $20.00/1KG</a></span><!-- end ngIf: !enabledCenterProductTag || !tag.TagLink -->
    </div><!-- end ngIf: ::tag.TagType === 'Html' -->
</div><!-- end ngIf: ::!srOnly --></wow-shelf-product-producttag><!-- end ngIf: ::showCenterTag -->
            </div>
            <div class="shelfProductStamp-header u-ngFade">
                <wow-saved-list-product-stamp-ctrl product="::product" isdetail="isdetail"><div class="shelfProductStamp-savedLists cardViewCompactSavedToList" ng-class="{'cardViewCompactSavedToList': !isdetail}">
    <div class="shelfProductStamp-savedLists-saveToListContainer" ng-show="!isListEditMode()">
        <a href="javascript:;" ng-show="saveToListStateDefault()" ng-click="saveToDefaultList()" class="saveToList-link _saveToDefaultList saveToList-link-text saveToList-link-default">
            Save <span class="sr-only">Macro Almonds Oven Roasted</span> to list<i class="icon-savetolist saveToList-icon-list"></i>
        </a>

        <div ng-show="saveToListStateSavedToList()" class="saveToList-link-saved saveToList-link-text ng-hide">
            Saved <span class="sr-only">Macro Almonds Oven Roasted</span> to <a class="saveToList-link-text-link _saveToListLink" href="javascript:;" ng-click="toggleSavedListsDropdown()"></a>
            <i class="icon-tick saveToList-icon-tick"></i>
        </div>

        <ul ng-show="showSavedListsDropdown()" class="saveToList-listSelection-items saveToList-listSelection ng-hide">
            <!-- ngRepeat: list in savedListsSelection -->
        </ul>
    </div>

    <a href="javascript:;" class="shelfProductStamp-savedLists-editModeRemoveIconContainer ng-hide" ng-show="isListEditMode() &amp;&amp; !isdetail" ng-click="deleteListItem()">
        <span class="sr-only">Remove Macro Almonds Oven Roasted from list</span><i class="removeIcon icon-close_x"></i>
    </a>
</div></wow-saved-list-product-stamp-ctrl>
            </div>

            <!-- ngIf: (showFooter || showCenterTag) --><wow-shelf-product-footer ng-if="(showFooter || showCenterTag)" sr-only="true" product="::product" class=""><!-- ngIf: srOnly --><div class="sr-only" ng-if="srOnly">
    <wow-shelf-product-producttag sr-only="true" is-footer="false" product="::product"><!-- ngRepeat: tag in ::srOnlyTags --><!-- ngIf: ::srOnly --><div class="sr-only" ng-if="::srOnly" ng-repeat="tag in ::srOnlyTags">
    <!-- ngIf: ::tag.TagType === 'Text' -->
    <!-- ngIf: tag.TagType === 'Html' --><div ng-if="tag.TagType === 'Html'" ng-switch="enabledCenterProductTag &amp;&amp; tag.TagLink" class="">
        <!-- ngSwitchWhen: true -->
        <!-- ngSwitchWhen: false -->
    </div><!-- end ngIf: tag.TagType === 'Html' -->
</div><!-- end ngIf: ::srOnly --><!-- end ngRepeat: tag in ::srOnlyTags -->
<!-- ngIf: ::!srOnly --></wow-shelf-product-producttag>

    <!-- ngIf: product.ispmdelivery -->
    <!-- ngIf: product.IsForCollection && !product.IsForDelivery && product.IsFooterEnabled -->
    <!-- ngIf: product.IsForDelivery && !product.IsForCollection && product.IsFooterEnabled -->
</div><!-- end ngIf: srOnly -->

<!-- ngIf: !srOnly --></wow-shelf-product-footer><!-- end ngIf: (showFooter || showCenterTag) -->

            <wow-shelf-product-pricing-container class="shelfProductStamp-pricingContainer" product="::product"><!-- ngIf: ::(!featuresEnabled) -->

<!-- ngIf: ::featuresEnabled --><div class="pricingContainer pricingContainer--grid u-ngFade noCenterTag" ng-class="::{'noCenterTag': !showCenterTag}" ng-if="::featuresEnabled">
    <!-- ngIf: ::(product.IsOnSpecial && !product.HideWasSavedPrice) -->
    <div class="pricingContainer-priceContainer">
        <span class="pricingContainer-priceAmount" ng-class="::specialClass">$5.98</span>
        <!-- ngIf: ::product.CupPrice --><span ng-if="::product.CupPrice" class="pricingContainer-priceCup">
            $26.58 / 1KG
        </span><!-- end ngIf: ::product.CupPrice -->
    </div>
</div><!-- end ngIf: ::featuresEnabled --></wow-shelf-product-pricing-container>

            <wow-trolley-controls class="u-ngFade" product="::product" use-trolley-quantity="true"><form role="form" ng-submit="addOrUpdate()" class="trolley-controls  _hideOnScroll ng-valid-maxlength" ng-show="true">
    <!-- ngIf: trolleyControlMessage --><span class="sr-only" role="status" aria-live="polite" aria-atomic="true" ng-bind="message" message="selected quantity is 1." ng-if="trolleyControlMessage">selected quantity is 1.</span><!-- end ngIf: trolleyControlMessage -->

    <div role="group" aria-label="Macro Almonds Oven Roasted">
        <button type="button" class="trolley-quantity-button trolley-quantity-decrement disabled" ng-click="decrement()" ng-class="{'disabled': isDecrementDisabled}">
            <span class="sr-only">Decrease  order amount</span><i class="icon-quantity_minus trolley-quantity-minus"></i>
        </button>
        <button type="button" class="trolley-quantity-button trolley-quantity-increment" ng-click="increment()" ng-class="{'disabled': isIncrementDisabled}">
            <span class="sr-only">Increase  order amount</span><i class="icon-quantity_plus trolley-quantity-plus"></i>
        </button>
        <label for="961563b2-abc6-0e81-b0b0-0f9dd4121007">
            <span class="sr-only">Order quantity</span>
        </label>
        <input type="text" class="quantity-input ng-pristine ng-untouched ng-valid ng-valid-maxlength" id="961563b2-abc6-0e81-b0b0-0f9dd4121007" ng-class="{'kilograms disabled': isInKilograms}" ng-disabled="::isInKilograms" ng-model="::updateQuantity" ng-model-options="::{ getterSetter: true, updateOn: 'default blur', debounce: { default: 200, blur: 0 } }" ng-blur="::blur()" maxlength="5">
        <button type="submit" class="button button--primary add-to-trolley-button" ng-class="{'disabled': showDisabledState()}" ng-show="::showAddOrUpdate">
            <span class="_quantity-input-value">Add</span> <span class="sr-only">item to trolley</span>
        </button>
    </div>
</form>
<!-- ngIf: modalMessage --></wow-trolley-controls>

            <div class="trolley-controls _hideOnScroll ng-hide" ng-show="false">
                <div class="button button--comms shelfProductStamp-unAvailable">
                    Unavailable
                </div>
            </div>

        </div>

        <div class="shelfProductStamp-selectedPointer ng-hide" ng-class="::{'shelfProductStamp-selectedPointer--footerEnabled': product.IsFooterEnabled}" ng-show="selectedPointer()"></div>
    </div>
    <!-- ngIf: ::showFooter -->
</div></wow-shelf-product></span>

<div class="cardDetail-container ng-hide" ng-show="::card.isDetail">

    <a href="javascript:;" ng-click="cardCtrl.closeCardDetail()" class="cardDetail-close" oly-move-focus="">
        <i class="icon-close_x"></i><span class="sr-only">Close details</span></a>

    <div class="_cardDetail-content"></div>

</div></wow-card><!-- end ngRepeat: card in cards track by card.isotopeId --><wow-card ng-repeat="card in cards track by card.isotopeId" card="card" class="isotope-item card-directive" ng-class="::{'detail-wrapper': card.isDetail, 'isMoved' : card.isMoved}" data-isotope-order="300" id="c4088237-3390-abb3-c719-91fa4c3291a5" tabindex="-1" oly-repeat-finished="onFinishRender()"><span class="_card"><wow-shelf-product product="product"><div class="shelfProductStamp card u-noOutline shelfProductStamp--regular enable-center-product-tag" data-stockcode="368724" tabindex="-1" ng-class="{
         'shelfProductStamp--regular' : !isdetail,
         'is-largeFormat': forceLargeFormatView,
         'is-smallFormat': forceSmallFormatView,
         'md-responsive' : sfResponsiveSize.medium,
         'lg-responsive' : sfResponsiveSize.large,
         'sm-responsive' : sfResponsiveSize.small,
         'xs-responsive' : sfResponsiveSize.xSmall,
         'enable-center-product-tag' : !forceDisableCenterProductTag
     }">

    <div class="shelfProductStamp-mainContainer">

        <div class="shelfProductStamp-content row">
            <div class="shelfProductStamp-imageTagsContainer" ng-switch="::(!!product.ImageTag.TagLink)">
                <img ng-src="/Content/wowProductImages/medium/368724.JPG" alt="" class="shelfProductStamp-productImage u-noOutline u-cursor-pointer" ng-click="showProductDetail($event)" ng-class="::{'u-cursor-pointer': canOpenDetail}" src="/Content/wowProductImages/medium/368724.JPG">

                <!-- ngSwitchWhen: true -->
                <!-- ngSwitchWhen: false --><span ng-switch-when="false" class="shelfProductStamp-leftTag" ng-click="gtmStaticTagClickPush()">
                    <img ng-show="::(product.ImageTag &amp;&amp; product.ImageTag.TagContent)" ng-src="" alt="" class="shelfProductStamp-leftTagImage ng-hide">
                </span><!-- end ngSwitchWhen: -->

            </div>

            <div class="shelfProductStamp-productName">
                <h3 class="shelfProductStamp-productNameInner">
                    <!-- ngIf: ::canOpenDetail --><a ng-click="showProductDetail($event)" class="shelfProductStamp-productNameInnerDescription noVariants" ng-class="::{'noVariants': !hasVariants}" ng-href="/Shop/Search/Products?searchTerm=almonds&amp;name=macro-almonds-natural-raw&amp;productId=368724" ng-if="::canOpenDetail" aria-label="Macro Almonds Natural Raw 225g pot" title="Macro Almonds Natural Raw 225g pot" href="/Shop/Search/Products?searchTerm=almonds&amp;name=macro-almonds-natural-raw&amp;productId=368724">
                        <!-- ngIf: !displaySmallFormatVersion() && !isdetail && hasVariants -->
                        <!-- ngIf: displaySmallFormatVersion() || isdetail || !hasVariants --><span class="shelfProductStamp-productDetailsLink" ng-if="displaySmallFormatVersion() || isdetail || !hasVariants" ng-bind-html="::(product.SmallFormatDescription | sanitize)">Macro Almonds Natural Raw</span><!-- end ngIf: displaySmallFormatVersion() || isdetail || !hasVariants -->
                        <br>
                        <!-- ngIf: displaySmallFormatVersion() || isdetail || !hasVariants --><span class="shelfProductStamp-productDetailsPackageSize" ng-if="displaySmallFormatVersion() || isdetail || !hasVariants"> 225g pot</span><!-- end ngIf: displaySmallFormatVersion() || isdetail || !hasVariants -->
                    </a><!-- end ngIf: ::canOpenDetail -->
                    <!-- ngIf: ::!canOpenDetail -->
                </h3>

                <!-- ngIf: ::hasVariants -->
            </div>
            <div class="shelfProductStamp-centerProductTagContainer">
                <!-- ngIf: ::showCenterTag --><wow-shelf-product-producttag ng-if="::showCenterTag" sr-only="false" is-footer="false" product="::product" class=""><!-- ngRepeat: tag in ::srOnlyTags -->
<!-- ngIf: ::!srOnly --><div ng-if="::!srOnly" aria-hidden="true" ng-class="::{'shelfProductStampFooter-innerContainer': isFooter,'withIcon': withIcon, 'shelfProductStamp-centerProductTag' : !isFooter}" class="shelfProductStamp-centerProductTag">
    <!-- ngIf: ::tag.TagType === 'Text' -->

    <!-- ngIf: ::tag.TagType === 'Html' --><div ng-if="::tag.TagType === 'Html'" ng-class="::{'shelfProductStampFooter-html' : isFooter, 'shelfProductStamp-centerProductTagHtml' : !isFooter}" class="shelfProductStamp-centerProductTagHtml">
        <!-- ngIf: enabledCenterProductTag && tag.TagLink -->
        <!-- ngIf: !enabledCenterProductTag || !tag.TagLink --><span ng-if="!enabledCenterProductTag || !tag.TagLink" ng-bind-html="::tag.displayContent" ng-click="htmlTagClick($event)" class="shelfProductStamp-centerProductTagHtmlInner"><a title="2 for 10.000" href="/Shop/ProductGroup/69896"><span style="COLOR: #e2001a">2 for $10.00</span> $20.00/1KG</a></span><!-- end ngIf: !enabledCenterProductTag || !tag.TagLink -->
    </div><!-- end ngIf: ::tag.TagType === 'Html' -->
</div><!-- end ngIf: ::!srOnly --></wow-shelf-product-producttag><!-- end ngIf: ::showCenterTag -->
            </div>
            <div class="shelfProductStamp-header u-ngFade">
                <wow-saved-list-product-stamp-ctrl product="::product" isdetail="isdetail"><div class="shelfProductStamp-savedLists cardViewCompactSavedToList" ng-class="{'cardViewCompactSavedToList': !isdetail}">
    <div class="shelfProductStamp-savedLists-saveToListContainer" ng-show="!isListEditMode()">
        <a href="javascript:;" ng-show="saveToListStateDefault()" ng-click="saveToDefaultList()" class="saveToList-link _saveToDefaultList saveToList-link-text saveToList-link-default">
            Save <span class="sr-only">Macro Almonds Natural Raw</span> to list<i class="icon-savetolist saveToList-icon-list"></i>
        </a>

        <div ng-show="saveToListStateSavedToList()" class="saveToList-link-saved saveToList-link-text ng-hide">
            Saved <span class="sr-only">Macro Almonds Natural Raw</span> to <a class="saveToList-link-text-link _saveToListLink" href="javascript:;" ng-click="toggleSavedListsDropdown()"></a>
            <i class="icon-tick saveToList-icon-tick"></i>
        </div>

        <ul ng-show="showSavedListsDropdown()" class="saveToList-listSelection-items saveToList-listSelection ng-hide">
            <!-- ngRepeat: list in savedListsSelection -->
        </ul>
    </div>

    <a href="javascript:;" class="shelfProductStamp-savedLists-editModeRemoveIconContainer ng-hide" ng-show="isListEditMode() &amp;&amp; !isdetail" ng-click="deleteListItem()">
        <span class="sr-only">Remove Macro Almonds Natural Raw from list</span><i class="removeIcon icon-close_x"></i>
    </a>
</div></wow-saved-list-product-stamp-ctrl>
            </div>

            <!-- ngIf: (showFooter || showCenterTag) --><wow-shelf-product-footer ng-if="(showFooter || showCenterTag)" sr-only="true" product="::product" class=""><!-- ngIf: srOnly --><div class="sr-only" ng-if="srOnly">
    <wow-shelf-product-producttag sr-only="true" is-footer="false" product="::product"><!-- ngRepeat: tag in ::srOnlyTags --><!-- ngIf: ::srOnly --><div class="sr-only" ng-if="::srOnly" ng-repeat="tag in ::srOnlyTags">
    <!-- ngIf: ::tag.TagType === 'Text' -->
    <!-- ngIf: tag.TagType === 'Html' --><div ng-if="tag.TagType === 'Html'" ng-switch="enabledCenterProductTag &amp;&amp; tag.TagLink" class="">
        <!-- ngSwitchWhen: true -->
        <!-- ngSwitchWhen: false -->
    </div><!-- end ngIf: tag.TagType === 'Html' -->
</div><!-- end ngIf: ::srOnly --><!-- end ngRepeat: tag in ::srOnlyTags -->
<!-- ngIf: ::!srOnly --></wow-shelf-product-producttag>

    <!-- ngIf: product.ispmdelivery -->
    <!-- ngIf: product.IsForCollection && !product.IsForDelivery && product.IsFooterEnabled -->
    <!-- ngIf: product.IsForDelivery && !product.IsForCollection && product.IsFooterEnabled -->
</div><!-- end ngIf: srOnly -->

<!-- ngIf: !srOnly --></wow-shelf-product-footer><!-- end ngIf: (showFooter || showCenterTag) -->

            <wow-shelf-product-pricing-container class="shelfProductStamp-pricingContainer" product="::product"><!-- ngIf: ::(!featuresEnabled) -->

<!-- ngIf: ::featuresEnabled --><div class="pricingContainer pricingContainer--grid u-ngFade noCenterTag" ng-class="::{'noCenterTag': !showCenterTag}" ng-if="::featuresEnabled">
    <!-- ngIf: ::(product.IsOnSpecial && !product.HideWasSavedPrice) -->
    <div class="pricingContainer-priceContainer">
        <span class="pricingContainer-priceAmount" ng-class="::specialClass">$5.98</span>
        <!-- ngIf: ::product.CupPrice --><span ng-if="::product.CupPrice" class="pricingContainer-priceCup">
            $26.58 / 1KG
        </span><!-- end ngIf: ::product.CupPrice -->
    </div>
</div><!-- end ngIf: ::featuresEnabled --></wow-shelf-product-pricing-container>

            <wow-trolley-controls class="u-ngFade" product="::product" use-trolley-quantity="true"><form role="form" ng-submit="addOrUpdate()" class="trolley-controls  _hideOnScroll ng-valid-maxlength" ng-show="true">
    <!-- ngIf: trolleyControlMessage --><span class="sr-only" role="status" aria-live="polite" aria-atomic="true" ng-bind="message" message="selected quantity is 1." ng-if="trolleyControlMessage">selected quantity is 1.</span><!-- end ngIf: trolleyControlMessage -->

    <div role="group" aria-label="Macro Almonds Natural Raw">
        <button type="button" class="trolley-quantity-button trolley-quantity-decrement disabled" ng-click="decrement()" ng-class="{'disabled': isDecrementDisabled}">
            <span class="sr-only">Decrease  order amount</span><i class="icon-quantity_minus trolley-quantity-minus"></i>
        </button>
        <button type="button" class="trolley-quantity-button trolley-quantity-increment" ng-click="increment()" ng-class="{'disabled': isIncrementDisabled}">
            <span class="sr-only">Increase  order amount</span><i class="icon-quantity_plus trolley-quantity-plus"></i>
        </button>
        <label for="075ac915-270b-000c-57e6-a8d76e901053">
            <span class="sr-only">Order quantity</span>
        </label>
        <input type="text" class="quantity-input ng-pristine ng-untouched ng-valid ng-valid-maxlength" id="075ac915-270b-000c-57e6-a8d76e901053" ng-class="{'kilograms disabled': isInKilograms}" ng-disabled="::isInKilograms" ng-model="::updateQuantity" ng-model-options="::{ getterSetter: true, updateOn: 'default blur', debounce: { default: 200, blur: 0 } }" ng-blur="::blur()" maxlength="5">
        <button type="submit" class="button button--primary add-to-trolley-button" ng-class="{'disabled': showDisabledState()}" ng-show="::showAddOrUpdate">
            <span class="_quantity-input-value">Add</span> <span class="sr-only">item to trolley</span>
        </button>
    </div>
</form>
<!-- ngIf: modalMessage --></wow-trolley-controls>

            <div class="trolley-controls _hideOnScroll ng-hide" ng-show="false">
                <div class="button button--comms shelfProductStamp-unAvailable">
                    Unavailable
                </div>
            </div>

        </div>

        <div class="shelfProductStamp-selectedPointer ng-hide" ng-class="::{'shelfProductStamp-selectedPointer--footerEnabled': product.IsFooterEnabled}" ng-show="selectedPointer()"></div>
    </div>
    <!-- ngIf: ::showFooter -->
</div></wow-shelf-product></span>

<div class="cardDetail-container ng-hide" ng-show="::card.isDetail">

    <a href="javascript:;" ng-click="cardCtrl.closeCardDetail()" class="cardDetail-close" oly-move-focus="">
        <i class="icon-close_x"></i><span class="sr-only">Close details</span></a>

    <div class="_cardDetail-content"></div>

</div></wow-card><!-- end ngRepeat: card in cards track by card.isotopeId --><wow-card ng-repeat="card in cards track by card.isotopeId" card="card" class="isotope-item card-directive" ng-class="::{'detail-wrapper': card.isDetail, 'isMoved' : card.isMoved}" data-isotope-order="310" id="c7dc3099-eeba-7d4a-5379-167601ab7fa8" tabindex="-1" oly-repeat-finished="onFinishRender()"><span class="_card"><wow-shelf-product product="product"><div class="shelfProductStamp card u-noOutline shelfProductStamp--regular enable-center-product-tag" data-stockcode="355136" tabindex="-1" ng-class="{
         'shelfProductStamp--regular' : !isdetail,
         'is-largeFormat': forceLargeFormatView,
         'is-smallFormat': forceSmallFormatView,
         'md-responsive' : sfResponsiveSize.medium,
         'lg-responsive' : sfResponsiveSize.large,
         'sm-responsive' : sfResponsiveSize.small,
         'xs-responsive' : sfResponsiveSize.xSmall,
         'enable-center-product-tag' : !forceDisableCenterProductTag
     }">

    <div class="shelfProductStamp-mainContainer">

        <div class="shelfProductStamp-content row">
            <div class="shelfProductStamp-imageTagsContainer" ng-switch="::(!!product.ImageTag.TagLink)">
                <img ng-src="/Content/wowProductImages/medium/355136.jpg" alt="" class="shelfProductStamp-productImage u-noOutline u-cursor-pointer" ng-click="showProductDetail($event)" ng-class="::{'u-cursor-pointer': canOpenDetail}" src="/Content/wowProductImages/medium/355136.jpg">

                <!-- ngSwitchWhen: true -->
                <!-- ngSwitchWhen: false --><span ng-switch-when="false" class="shelfProductStamp-leftTag" ng-click="gtmStaticTagClickPush()">
                    <img ng-show="::(product.ImageTag &amp;&amp; product.ImageTag.TagContent)" ng-src="" alt="" class="shelfProductStamp-leftTagImage ng-hide">
                </span><!-- end ngSwitchWhen: -->

            </div>

            <div class="shelfProductStamp-productName">
                <h3 class="shelfProductStamp-productNameInner">
                    <!-- ngIf: ::canOpenDetail --><a ng-click="showProductDetail($event)" class="shelfProductStamp-productNameInnerDescription noVariants" ng-class="::{'noVariants': !hasVariants}" ng-href="/Shop/Search/Products?searchTerm=almonds&amp;name=macro-nuts-almonds-tamari&amp;productId=355136" ng-if="::canOpenDetail" aria-label="Macro Nuts Almonds Tamari 500g" title="Macro Nuts Almonds Tamari 500g" href="/Shop/Search/Products?searchTerm=almonds&amp;name=macro-nuts-almonds-tamari&amp;productId=355136">
                        <!-- ngIf: !displaySmallFormatVersion() && !isdetail && hasVariants -->
                        <!-- ngIf: displaySmallFormatVersion() || isdetail || !hasVariants --><span class="shelfProductStamp-productDetailsLink" ng-if="displaySmallFormatVersion() || isdetail || !hasVariants" ng-bind-html="::(product.SmallFormatDescription | sanitize)">Macro Nuts Almonds Tamari</span><!-- end ngIf: displaySmallFormatVersion() || isdetail || !hasVariants -->
                        <br>
                        <!-- ngIf: displaySmallFormatVersion() || isdetail || !hasVariants --><span class="shelfProductStamp-productDetailsPackageSize" ng-if="displaySmallFormatVersion() || isdetail || !hasVariants"> 500g</span><!-- end ngIf: displaySmallFormatVersion() || isdetail || !hasVariants -->
                    </a><!-- end ngIf: ::canOpenDetail -->
                    <!-- ngIf: ::!canOpenDetail -->
                </h3>

                <!-- ngIf: ::hasVariants -->
            </div>
            <div class="shelfProductStamp-centerProductTagContainer">
                <!-- ngIf: ::showCenterTag -->
            </div>
            <div class="shelfProductStamp-header u-ngFade">
                <wow-saved-list-product-stamp-ctrl product="::product" isdetail="isdetail"><div class="shelfProductStamp-savedLists cardViewCompactSavedToList" ng-class="{'cardViewCompactSavedToList': !isdetail}">
    <div class="shelfProductStamp-savedLists-saveToListContainer" ng-show="!isListEditMode()">
        <a href="javascript:;" ng-show="saveToListStateDefault()" ng-click="saveToDefaultList()" class="saveToList-link _saveToDefaultList saveToList-link-text saveToList-link-default">
            Save <span class="sr-only">Macro Nuts Almonds Tamari</span> to list<i class="icon-savetolist saveToList-icon-list"></i>
        </a>

        <div ng-show="saveToListStateSavedToList()" class="saveToList-link-saved saveToList-link-text ng-hide">
            Saved <span class="sr-only">Macro Nuts Almonds Tamari</span> to <a class="saveToList-link-text-link _saveToListLink" href="javascript:;" ng-click="toggleSavedListsDropdown()"></a>
            <i class="icon-tick saveToList-icon-tick"></i>
        </div>

        <ul ng-show="showSavedListsDropdown()" class="saveToList-listSelection-items saveToList-listSelection ng-hide">
            <!-- ngRepeat: list in savedListsSelection -->
        </ul>
    </div>

    <a href="javascript:;" class="shelfProductStamp-savedLists-editModeRemoveIconContainer ng-hide" ng-show="isListEditMode() &amp;&amp; !isdetail" ng-click="deleteListItem()">
        <span class="sr-only">Remove Macro Nuts Almonds Tamari from list</span><i class="removeIcon icon-close_x"></i>
    </a>
</div></wow-saved-list-product-stamp-ctrl>
            </div>

            <!-- ngIf: (showFooter || showCenterTag) -->

            <wow-shelf-product-pricing-container class="shelfProductStamp-pricingContainer" product="::product"><!-- ngIf: ::(!featuresEnabled) -->

<!-- ngIf: ::featuresEnabled --><div class="pricingContainer pricingContainer--grid u-ngFade noCenterTag" ng-class="::{'noCenterTag': !showCenterTag}" ng-if="::featuresEnabled">
    <!-- ngIf: ::(product.IsOnSpecial && !product.HideWasSavedPrice) -->
    <div class="pricingContainer-priceContainer">
        <span class="pricingContainer-priceAmount" ng-class="::specialClass">$11.84</span>
        <!-- ngIf: ::product.CupPrice --><span ng-if="::product.CupPrice" class="pricingContainer-priceCup">
            $23.68 / 1KG
        </span><!-- end ngIf: ::product.CupPrice -->
    </div>
</div><!-- end ngIf: ::featuresEnabled --></wow-shelf-product-pricing-container>

            <wow-trolley-controls class="u-ngFade" product="::product" use-trolley-quantity="true"><form role="form" ng-submit="addOrUpdate()" class="trolley-controls  _hideOnScroll ng-valid-maxlength" ng-show="true">
    <!-- ngIf: trolleyControlMessage --><span class="sr-only" role="status" aria-live="polite" aria-atomic="true" ng-bind="message" message="selected quantity is 1." ng-if="trolleyControlMessage">selected quantity is 1.</span><!-- end ngIf: trolleyControlMessage -->

    <div role="group" aria-label="Macro Nuts Almonds Tamari">
        <button type="button" class="trolley-quantity-button trolley-quantity-decrement disabled" ng-click="decrement()" ng-class="{'disabled': isDecrementDisabled}">
            <span class="sr-only">Decrease  order amount</span><i class="icon-quantity_minus trolley-quantity-minus"></i>
        </button>
        <button type="button" class="trolley-quantity-button trolley-quantity-increment" ng-click="increment()" ng-class="{'disabled': isIncrementDisabled}">
            <span class="sr-only">Increase  order amount</span><i class="icon-quantity_plus trolley-quantity-plus"></i>
        </button>
        <label for="d415e383-cea2-5433-58c3-8cf461434391">
            <span class="sr-only">Order quantity</span>
        </label>
        <input type="text" class="quantity-input ng-pristine ng-untouched ng-valid ng-valid-maxlength" id="d415e383-cea2-5433-58c3-8cf461434391" ng-class="{'kilograms disabled': isInKilograms}" ng-disabled="::isInKilograms" ng-model="::updateQuantity" ng-model-options="::{ getterSetter: true, updateOn: 'default blur', debounce: { default: 200, blur: 0 } }" ng-blur="::blur()" maxlength="5">
        <button type="submit" class="button button--primary add-to-trolley-button" ng-class="{'disabled': showDisabledState()}" ng-show="::showAddOrUpdate">
            <span class="_quantity-input-value">Add</span> <span class="sr-only">item to trolley</span>
        </button>
    </div>
</form>
<!-- ngIf: modalMessage --></wow-trolley-controls>

            <div class="trolley-controls _hideOnScroll ng-hide" ng-show="false">
                <div class="button button--comms shelfProductStamp-unAvailable">
                    Unavailable
                </div>
            </div>

        </div>

        <div class="shelfProductStamp-selectedPointer ng-hide" ng-class="::{'shelfProductStamp-selectedPointer--footerEnabled': product.IsFooterEnabled}" ng-show="selectedPointer()"></div>
    </div>
    <!-- ngIf: ::showFooter -->
</div></wow-shelf-product></span>

<div class="cardDetail-container ng-hide" ng-show="::card.isDetail">

    <a href="javascript:;" ng-click="cardCtrl.closeCardDetail()" class="cardDetail-close" oly-move-focus="">
        <i class="icon-close_x"></i><span class="sr-only">Close details</span></a>

    <div class="_cardDetail-content"></div>

</div></wow-card><!-- end ngRepeat: card in cards track by card.isotopeId --><wow-card ng-repeat="card in cards track by card.isotopeId" card="card" class="isotope-item card-directive" ng-class="::{'detail-wrapper': card.isDetail, 'isMoved' : card.isMoved}" data-isotope-order="320" id="caa55404-6978-38ad-c55a-78433515ae1c" tabindex="-1" oly-repeat-finished="onFinishRender()"><span class="_card"><wow-shelf-bundle bundle="bundle" initial-product="bundle.Products[0].Stockcode" flipped="flipped"><div class="flipper flipper--horizontal u-noOutline is-flipped" ng-transclude="" flipped="flipped" style="overflow: hidden;">
    <div class="flipper-side flipper-front u-noOutline" ng-transclude="" tabindex="-1">
        <!-- ngRepeat: product in ::bundle.Products --><wow-shelf-product product="::product" has-variants="::bundle.Products.length > 1" ng-repeat="product in ::bundle.Products" ng-show="product.Stockcode === selectedStockcode" class=""><div class="shelfProductStamp card u-noOutline shelfProductStamp--regular enable-center-product-tag" data-stockcode="235127" tabindex="-1" ng-class="{
         'shelfProductStamp--regular' : !isdetail,
         'is-largeFormat': forceLargeFormatView,
         'is-smallFormat': forceSmallFormatView,
         'md-responsive' : sfResponsiveSize.medium,
         'lg-responsive' : sfResponsiveSize.large,
         'sm-responsive' : sfResponsiveSize.small,
         'xs-responsive' : sfResponsiveSize.xSmall,
         'enable-center-product-tag' : !forceDisableCenterProductTag
     }">

    <div class="shelfProductStamp-mainContainer">

        <div class="shelfProductStamp-content row">
            <div class="shelfProductStamp-imageTagsContainer" ng-switch="::(!!product.ImageTag.TagLink)">
                <img ng-src="/Content/wowProductImages/medium/235127.jpg" alt="" class="shelfProductStamp-productImage u-noOutline u-cursor-pointer" ng-click="showProductDetail($event)" ng-class="::{'u-cursor-pointer': canOpenDetail}" src="/Content/wowProductImages/medium/235127.jpg">

                <!-- ngSwitchWhen: true -->
                <!-- ngSwitchWhen: false --><span ng-switch-when="false" class="shelfProductStamp-leftTag" ng-click="gtmStaticTagClickPush()">
                    <img ng-show="::(product.ImageTag &amp;&amp; product.ImageTag.TagContent)" ng-src="" alt="" class="shelfProductStamp-leftTagImage ng-hide">
                </span><!-- end ngSwitchWhen: -->

            </div>

            <div class="shelfProductStamp-productName">
                <h3 class="shelfProductStamp-productNameInner">
                    <!-- ngIf: ::canOpenDetail --><a ng-click="showProductDetail($event)" class="shelfProductStamp-productNameInnerDescription" ng-class="::{'noVariants': !hasVariants}" ng-href="/Shop/Search/Products?searchTerm=almonds&amp;name=macro-nuts-almond-kernals-natural&amp;productId=235127" ng-if="::canOpenDetail" aria-label="Macro Nuts Almond Kernals Natural 250g" title="Macro Nuts Almond Kernals Natural 250g" href="/Shop/Search/Products?searchTerm=almonds&amp;name=macro-nuts-almond-kernals-natural&amp;productId=235127">
                        <!-- ngIf: !displaySmallFormatVersion() && !isdetail && hasVariants --><span class="shelfProductStamp-productDetailsLink" ng-if="!displaySmallFormatVersion() &amp;&amp; !isdetail &amp;&amp; hasVariants" ng-bind-html="::(product.Description | sanitize)"> Macro Nuts Almond Kernals<br>Natural 250g</span><!-- end ngIf: !displaySmallFormatVersion() && !isdetail && hasVariants -->
                        <!-- ngIf: displaySmallFormatVersion() || isdetail || !hasVariants -->
                        <br>
                        <!-- ngIf: displaySmallFormatVersion() || isdetail || !hasVariants -->
                    </a><!-- end ngIf: ::canOpenDetail -->
                    <!-- ngIf: ::!canOpenDetail -->
                </h3>

                <!-- ngIf: ::hasVariants --><a href="javascript://" class="shelfProductStamp-variantsLink _hideOnScroll" ng-if="::hasVariants" ng-click="gtmProductClickDataPush()" wow-flipper-toggle="">
                    <i class="icon-viewall shelfProductStamp-variantsIcon"></i> View All Sizes
                </a><!-- end ngIf: ::hasVariants -->
            </div>
            <div class="shelfProductStamp-centerProductTagContainer">
                <!-- ngIf: ::showCenterTag -->
            </div>
            <div class="shelfProductStamp-header u-ngFade">
                <wow-saved-list-product-stamp-ctrl product="::product" isdetail="isdetail"><div class="shelfProductStamp-savedLists cardViewCompactSavedToList" ng-class="{'cardViewCompactSavedToList': !isdetail}">
    <div class="shelfProductStamp-savedLists-saveToListContainer" ng-show="!isListEditMode()">
        <a href="javascript:;" ng-show="saveToListStateDefault()" ng-click="saveToDefaultList()" class="saveToList-link _saveToDefaultList saveToList-link-text saveToList-link-default">
            Save <span class="sr-only">Macro Nuts Almond Kernals Natural</span> to list<i class="icon-savetolist saveToList-icon-list"></i>
        </a>

        <div ng-show="saveToListStateSavedToList()" class="saveToList-link-saved saveToList-link-text ng-hide">
            Saved <span class="sr-only">Macro Nuts Almond Kernals Natural</span> to <a class="saveToList-link-text-link _saveToListLink" href="javascript:;" ng-click="toggleSavedListsDropdown()"></a>
            <i class="icon-tick saveToList-icon-tick"></i>
        </div>

        <ul ng-show="showSavedListsDropdown()" class="saveToList-listSelection-items saveToList-listSelection ng-hide">
            <!-- ngRepeat: list in savedListsSelection -->
        </ul>
    </div>

    <a href="javascript:;" class="shelfProductStamp-savedLists-editModeRemoveIconContainer ng-hide" ng-show="isListEditMode() &amp;&amp; !isdetail" ng-click="deleteListItem()">
        <span class="sr-only">Remove Macro Nuts Almond Kernals Natural from list</span><i class="removeIcon icon-close_x"></i>
    </a>
</div></wow-saved-list-product-stamp-ctrl>
            </div>

            <!-- ngIf: (showFooter || showCenterTag) -->

            <wow-shelf-product-pricing-container class="shelfProductStamp-pricingContainer" product="::product"><!-- ngIf: ::(!featuresEnabled) -->

<!-- ngIf: ::featuresEnabled --><div class="pricingContainer pricingContainer--grid u-ngFade noCenterTag" ng-class="::{'noCenterTag': !showCenterTag}" ng-if="::featuresEnabled">
    <!-- ngIf: ::(product.IsOnSpecial && !product.HideWasSavedPrice) -->
    <div class="pricingContainer-priceContainer">
        <span class="pricingContainer-priceAmount" ng-class="::specialClass">$6.67</span>
        <!-- ngIf: ::product.CupPrice --><span ng-if="::product.CupPrice" class="pricingContainer-priceCup">
            $26.68 / 1KG
        </span><!-- end ngIf: ::product.CupPrice -->
    </div>
</div><!-- end ngIf: ::featuresEnabled --></wow-shelf-product-pricing-container>

            <wow-trolley-controls class="u-ngFade" product="::product" use-trolley-quantity="true"><form role="form" ng-submit="addOrUpdate()" class="trolley-controls  _hideOnScroll ng-valid-maxlength" ng-show="true">
    <!-- ngIf: trolleyControlMessage --><span class="sr-only" role="status" aria-live="polite" aria-atomic="true" ng-bind="message" message="selected quantity is 1." ng-if="trolleyControlMessage">selected quantity is 1.</span><!-- end ngIf: trolleyControlMessage -->

    <div role="group" aria-label="Macro Nuts Almond Kernals Natural">
        <button type="button" class="trolley-quantity-button trolley-quantity-decrement disabled" ng-click="decrement()" ng-class="{'disabled': isDecrementDisabled}">
            <span class="sr-only">Decrease  order amount</span><i class="icon-quantity_minus trolley-quantity-minus"></i>
        </button>
        <button type="button" class="trolley-quantity-button trolley-quantity-increment" ng-click="increment()" ng-class="{'disabled': isIncrementDisabled}">
            <span class="sr-only">Increase  order amount</span><i class="icon-quantity_plus trolley-quantity-plus"></i>
        </button>
        <label for="266abb34-b2e9-c99e-071c-ed800ef4662f">
            <span class="sr-only">Order quantity</span>
        </label>
        <input type="text" class="quantity-input ng-pristine ng-untouched ng-valid ng-valid-maxlength" id="266abb34-b2e9-c99e-071c-ed800ef4662f" ng-class="{'kilograms disabled': isInKilograms}" ng-disabled="::isInKilograms" ng-model="::updateQuantity" ng-model-options="::{ getterSetter: true, updateOn: 'default blur', debounce: { default: 200, blur: 0 } }" ng-blur="::blur()" maxlength="5">
        <button type="submit" class="button button--primary add-to-trolley-button" ng-class="{'disabled': showDisabledState()}" ng-show="::showAddOrUpdate">
            <span class="_quantity-input-value">Add</span> <span class="sr-only">item to trolley</span>
        </button>
    </div>
</form>
<!-- ngIf: modalMessage --></wow-trolley-controls>

            <div class="trolley-controls _hideOnScroll ng-hide" ng-show="false">
                <div class="button button--comms shelfProductStamp-unAvailable">
                    Unavailable
                </div>
            </div>

        </div>

        <div class="shelfProductStamp-selectedPointer ng-hide" ng-class="::{'shelfProductStamp-selectedPointer--footerEnabled': product.IsFooterEnabled}" ng-show="selectedPointer()"></div>
    </div>
    <!-- ngIf: ::showFooter -->
</div></wow-shelf-product><!-- end ngRepeat: product in ::bundle.Products --><wow-shelf-product product="::product" has-variants="::bundle.Products.length > 1" ng-repeat="product in ::bundle.Products" ng-show="product.Stockcode === selectedStockcode" class="ng-hide"><div class="shelfProductStamp card u-noOutline shelfProductStamp--regular enable-center-product-tag" data-stockcode="355118" tabindex="-1" ng-class="{
         'shelfProductStamp--regular' : !isdetail,
         'is-largeFormat': forceLargeFormatView,
         'is-smallFormat': forceSmallFormatView,
         'md-responsive' : sfResponsiveSize.medium,
         'lg-responsive' : sfResponsiveSize.large,
         'sm-responsive' : sfResponsiveSize.small,
         'xs-responsive' : sfResponsiveSize.xSmall,
         'enable-center-product-tag' : !forceDisableCenterProductTag
     }">

    <div class="shelfProductStamp-mainContainer">

        <div class="shelfProductStamp-content row">
            <div class="shelfProductStamp-imageTagsContainer" ng-switch="::(!!product.ImageTag.TagLink)">
                <img ng-src="/Content/wowProductImages/medium/355118.jpg" alt="" class="shelfProductStamp-productImage u-noOutline u-cursor-pointer" ng-click="showProductDetail($event)" ng-class="::{'u-cursor-pointer': canOpenDetail}" src="/Content/wowProductImages/medium/355118.jpg">

                <!-- ngSwitchWhen: true -->
                <!-- ngSwitchWhen: false --><span ng-switch-when="false" class="shelfProductStamp-leftTag" ng-click="gtmStaticTagClickPush()">
                    <img ng-show="::(product.ImageTag &amp;&amp; product.ImageTag.TagContent)" ng-src="/Content/PromotionTags/final-special.png" alt="On Special" class="shelfProductStamp-leftTagImage" src="/Content/PromotionTags/final-special.png">
                </span><!-- end ngSwitchWhen: -->

            </div>

            <div class="shelfProductStamp-productName">
                <h3 class="shelfProductStamp-productNameInner">
                    <!-- ngIf: ::canOpenDetail --><a ng-click="showProductDetail($event)" class="shelfProductStamp-productNameInnerDescription" ng-class="::{'noVariants': !hasVariants}" ng-href="/Shop/Search/Products?searchTerm=almonds&amp;name=macro-nuts-almond-kernels&amp;productId=355118" ng-if="::canOpenDetail" aria-label="Macro Nuts Almond Kernels 500g" title="Macro Nuts Almond Kernels 500g" href="/Shop/Search/Products?searchTerm=almonds&amp;name=macro-nuts-almond-kernels&amp;productId=355118">
                        <!-- ngIf: !displaySmallFormatVersion() && !isdetail && hasVariants --><span class="shelfProductStamp-productDetailsLink" ng-if="!displaySmallFormatVersion() &amp;&amp; !isdetail &amp;&amp; hasVariants" ng-bind-html="::(product.Description | sanitize)"> Macro Nuts Almond Kernels 500g</span><!-- end ngIf: !displaySmallFormatVersion() && !isdetail && hasVariants -->
                        <!-- ngIf: displaySmallFormatVersion() || isdetail || !hasVariants -->
                        <br>
                        <!-- ngIf: displaySmallFormatVersion() || isdetail || !hasVariants -->
                    </a><!-- end ngIf: ::canOpenDetail -->
                    <!-- ngIf: ::!canOpenDetail -->
                </h3>

                <!-- ngIf: ::hasVariants --><a href="javascript://" class="shelfProductStamp-variantsLink _hideOnScroll" ng-if="::hasVariants" ng-click="gtmProductClickDataPush()" wow-flipper-toggle="">
                    <i class="icon-viewall shelfProductStamp-variantsIcon"></i> View All Sizes
                </a><!-- end ngIf: ::hasVariants -->
            </div>
            <div class="shelfProductStamp-centerProductTagContainer">
                <!-- ngIf: ::showCenterTag -->
            </div>
            <div class="shelfProductStamp-header u-ngFade">
                <wow-saved-list-product-stamp-ctrl product="::product" isdetail="isdetail"><div class="shelfProductStamp-savedLists cardViewCompactSavedToList" ng-class="{'cardViewCompactSavedToList': !isdetail}">
    <div class="shelfProductStamp-savedLists-saveToListContainer" ng-show="!isListEditMode()">
        <a href="javascript:;" ng-show="saveToListStateDefault()" ng-click="saveToDefaultList()" class="saveToList-link _saveToDefaultList saveToList-link-text saveToList-link-default">
            Save <span class="sr-only">Macro Nuts Almond Kernels</span> to list<i class="icon-savetolist saveToList-icon-list"></i>
        </a>

        <div ng-show="saveToListStateSavedToList()" class="saveToList-link-saved saveToList-link-text ng-hide">
            Saved <span class="sr-only">Macro Nuts Almond Kernels</span> to <a class="saveToList-link-text-link _saveToListLink" href="javascript:;" ng-click="toggleSavedListsDropdown()"></a>
            <i class="icon-tick saveToList-icon-tick"></i>
        </div>

        <ul ng-show="showSavedListsDropdown()" class="saveToList-listSelection-items saveToList-listSelection ng-hide">
            <!-- ngRepeat: list in savedListsSelection -->
        </ul>
    </div>

    <a href="javascript:;" class="shelfProductStamp-savedLists-editModeRemoveIconContainer ng-hide" ng-show="isListEditMode() &amp;&amp; !isdetail" ng-click="deleteListItem()">
        <span class="sr-only">Remove Macro Nuts Almond Kernels from list</span><i class="removeIcon icon-close_x"></i>
    </a>
</div></wow-saved-list-product-stamp-ctrl>
            </div>

            <!-- ngIf: (showFooter || showCenterTag) -->

            <wow-shelf-product-pricing-container class="shelfProductStamp-pricingContainer" product="::product"><!-- ngIf: ::(!featuresEnabled) -->

<!-- ngIf: ::featuresEnabled --><div class="pricingContainer pricingContainer--grid u-ngFade noCenterTag" ng-class="::{'noCenterTag': !showCenterTag}" ng-if="::featuresEnabled">
    <!-- ngIf: ::(product.IsOnSpecial && !product.HideWasSavedPrice) --><div class="pricingContainer-saveWrapper" ng-if="::(product.IsOnSpecial &amp;&amp; !product.HideWasSavedPrice)">
        <div class="pricingContainer-saveContainer">
            <span class="pricingContainer-saveHeading">SAVE</span>
            <span class="pricingContainer-savePrice">$1.29</span>
        </div>
    </div><!-- end ngIf: ::(product.IsOnSpecial && !product.HideWasSavedPrice) -->
    <div class="pricingContainer-priceContainer">
        <span class="pricingContainer-priceAmount u-special" ng-class="::specialClass">$11.50</span>
        <!-- ngIf: ::product.CupPrice --><span ng-if="::product.CupPrice" class="pricingContainer-priceCup">
            $23.00 / 1KG
        </span><!-- end ngIf: ::product.CupPrice -->
    </div>
</div><!-- end ngIf: ::featuresEnabled --></wow-shelf-product-pricing-container>

            <wow-trolley-controls class="u-ngFade" product="::product" use-trolley-quantity="true"><form role="form" ng-submit="addOrUpdate()" class="trolley-controls  _hideOnScroll ng-valid-maxlength" ng-show="true">
    <!-- ngIf: trolleyControlMessage --><span class="sr-only" role="status" aria-live="polite" aria-atomic="true" ng-bind="message" message="selected quantity is 1." ng-if="trolleyControlMessage">selected quantity is 1.</span><!-- end ngIf: trolleyControlMessage -->

    <div role="group" aria-label="Macro Nuts Almond Kernels">
        <button type="button" class="trolley-quantity-button trolley-quantity-decrement disabled" ng-click="decrement()" ng-class="{'disabled': isDecrementDisabled}">
            <span class="sr-only">Decrease  order amount</span><i class="icon-quantity_minus trolley-quantity-minus"></i>
        </button>
        <button type="button" class="trolley-quantity-button trolley-quantity-increment" ng-click="increment()" ng-class="{'disabled': isIncrementDisabled}">
            <span class="sr-only">Increase  order amount</span><i class="icon-quantity_plus trolley-quantity-plus"></i>
        </button>
        <label for="c64fec0e-7892-fbad-9381-ecab9c0e2320">
            <span class="sr-only">Order quantity</span>
        </label>
        <input type="text" class="quantity-input ng-pristine ng-untouched ng-valid ng-valid-maxlength" id="c64fec0e-7892-fbad-9381-ecab9c0e2320" ng-class="{'kilograms disabled': isInKilograms}" ng-disabled="::isInKilograms" ng-model="::updateQuantity" ng-model-options="::{ getterSetter: true, updateOn: 'default blur', debounce: { default: 200, blur: 0 } }" ng-blur="::blur()" maxlength="5">
        <button type="submit" class="button button--primary add-to-trolley-button" ng-class="{'disabled': showDisabledState()}" ng-show="::showAddOrUpdate">
            <span class="_quantity-input-value">Add</span> <span class="sr-only">item to trolley</span>
        </button>
    </div>
</form>
<!-- ngIf: modalMessage --></wow-trolley-controls>

            <div class="trolley-controls _hideOnScroll ng-hide" ng-show="false">
                <div class="button button--comms shelfProductStamp-unAvailable">
                    Unavailable
                </div>
            </div>

        </div>

        <div class="shelfProductStamp-selectedPointer ng-hide" ng-class="::{'shelfProductStamp-selectedPointer--footerEnabled': product.IsFooterEnabled}" ng-show="selectedPointer()"></div>
    </div>
    <!-- ngIf: ::showFooter -->
</div></wow-shelf-product><!-- end ngRepeat: product in ::bundle.Products -->
    </div>

    <div class="flipper-side flipper-back u-noOutline flipper-side--short" ng-transclude="" tabindex="-1">
        <!-- ngIf: ::(bundle.Products.length > 1) --><wow-shelf-variants ng-if="::(bundle.Products.length > 1)" bundle="::bundle" select-product="::selectStockcode(stockcode)" class=""><div class="productVariants productVariants--grid productVariants--2 clearfix card productVariants--columns" ng-class="{'productVariants--columns': isColumns}">
    <h2 class="productVariants-title" ng-bind-html="bundle.Name | sanitize"> Macro Natural Almond Kernals </h2>

    <ul class="productVariants-list">
        <!-- ngRepeat: product in ::bundle.Products | orderBy:'UnitWeightInGrams' --><li class="productVariants-item clearfix" ng-repeat="product in ::bundle.Products | orderBy:'UnitWeightInGrams'" ng-click="selectProduct({stockcode: product.Stockcode})">
            <wow-shelf-variant product="product" size="variantStampSize">&#65279;<a href="javascript://" class="productVariant productVariant--xlarge" ng-click="gtmProductClickDataPush()" wow-flipper-toggle="">
    <div class="productVariant-details">
        <div class="productVariant-variant">
            250g
        </div>

        <div class="productVariant-prices">
            <div class="productVariant-price" ng-class="specialClass">
                $6.67
            </div>

            <div class="productVariant-cup" ng-show="product.HasCupPrice">
                $26.68 / 1KG
            </div>
        </div>
    </div>

    <div class="productVariant-thumbnail">
        <!-- ngIf: product.ImageTag.TagContent -->

        <!-- ngIf: size != 'xsmall' --><img ng-if="size != 'xsmall'" ng-src="/Content/wowProductImages/small/235127.jpg" alt="Macro Nuts Almond Kernals Natural" class="productVariant-image" src="/Content/wowProductImages/small/235127.jpg"><!-- end ngIf: size != 'xsmall' -->
    </div>
</a></wow-shelf-variant>
        </li><!-- end ngRepeat: product in ::bundle.Products | orderBy:'UnitWeightInGrams' --><li class="productVariants-item clearfix" ng-repeat="product in ::bundle.Products | orderBy:'UnitWeightInGrams'" ng-click="selectProduct({stockcode: product.Stockcode})">
            <wow-shelf-variant product="product" size="variantStampSize">&#65279;<a href="javascript://" class="productVariant productVariant--xlarge" ng-click="gtmProductClickDataPush()" wow-flipper-toggle="">
    <div class="productVariant-details">
        <div class="productVariant-variant">
            500g
        </div>

        <div class="productVariant-prices">
            <div class="productVariant-price u-special" ng-class="specialClass">
                $11.50
            </div>

            <div class="productVariant-cup" ng-show="product.HasCupPrice">
                $23.00 / 1KG
            </div>
        </div>
    </div>

    <div class="productVariant-thumbnail">
        <!-- ngIf: product.ImageTag.TagContent --><img ng-if="product.ImageTag.TagContent" ng-src="/Content/PromotionTags/final-special.png" alt="On Special" class="productVariant-specialTag" src="/Content/PromotionTags/final-special.png"><!-- end ngIf: product.ImageTag.TagContent -->

        <!-- ngIf: size != 'xsmall' --><img ng-if="size != 'xsmall'" ng-src="/Content/wowProductImages/small/355118.jpg" alt="Macro Nuts Almond Kernels" class="productVariant-image" src="/Content/wowProductImages/small/355118.jpg"><!-- end ngIf: size != 'xsmall' -->
    </div>
</a></wow-shelf-variant>
        </li><!-- end ngRepeat: product in ::bundle.Products | orderBy:'UnitWeightInGrams' -->
    </ul>
</div></wow-shelf-variants><!-- end ngIf: ::(bundle.Products.length > 1) -->
    </div>
</div></wow-shelf-bundle></span>

<div class="cardDetail-container ng-hide" ng-show="::card.isDetail">

    <a href="javascript:;" ng-click="cardCtrl.closeCardDetail()" class="cardDetail-close" oly-move-focus="">
        <i class="icon-close_x"></i><span class="sr-only">Close details</span></a>

    <div class="_cardDetail-content"></div>

</div></wow-card><!-- end ngRepeat: card in cards track by card.isotopeId --><wow-card ng-repeat="card in cards track by card.isotopeId" card="card" class="isotope-item card-directive" ng-class="::{'detail-wrapper': card.isDetail, 'isMoved' : card.isMoved}" data-isotope-order="330" id="86a25582-6ee6-a25a-7d2e-8a6eb1b4b96d" tabindex="-1" oly-repeat-finished="onFinishRender()"><span class="_card"><wow-shelf-product product="product"><div class="shelfProductStamp card u-noOutline shelfProductStamp--regular enable-center-product-tag" data-stockcode="355118" tabindex="-1" ng-class="{
         'shelfProductStamp--regular' : !isdetail,
         'is-largeFormat': forceLargeFormatView,
         'is-smallFormat': forceSmallFormatView,
         'md-responsive' : sfResponsiveSize.medium,
         'lg-responsive' : sfResponsiveSize.large,
         'sm-responsive' : sfResponsiveSize.small,
         'xs-responsive' : sfResponsiveSize.xSmall,
         'enable-center-product-tag' : !forceDisableCenterProductTag
     }">

    <div class="shelfProductStamp-mainContainer">

        <div class="shelfProductStamp-content row">
            <div class="shelfProductStamp-imageTagsContainer" ng-switch="::(!!product.ImageTag.TagLink)">
                <img ng-src="/Content/wowProductImages/medium/355118.jpg" alt="" class="shelfProductStamp-productImage u-noOutline u-cursor-pointer" ng-click="showProductDetail($event)" ng-class="::{'u-cursor-pointer': canOpenDetail}" src="/Content/wowProductImages/medium/355118.jpg">

                <!-- ngSwitchWhen: true -->
                <!-- ngSwitchWhen: false --><span ng-switch-when="false" class="shelfProductStamp-leftTag" ng-click="gtmStaticTagClickPush()">
                    <img ng-show="::(product.ImageTag &amp;&amp; product.ImageTag.TagContent)" ng-src="/Content/PromotionTags/final-special.png" alt="On Special" class="shelfProductStamp-leftTagImage" src="/Content/PromotionTags/final-special.png">
                </span><!-- end ngSwitchWhen: -->

            </div>

            <div class="shelfProductStamp-productName">
                <h3 class="shelfProductStamp-productNameInner">
                    <!-- ngIf: ::canOpenDetail --><a ng-click="showProductDetail($event)" class="shelfProductStamp-productNameInnerDescription noVariants" ng-class="::{'noVariants': !hasVariants}" ng-href="/Shop/Search/Products?searchTerm=almonds&amp;name=macro-nuts-almond-kernels&amp;productId=355118" ng-if="::canOpenDetail" aria-label="Macro Nuts Almond Kernels 500g" title="Macro Nuts Almond Kernels 500g" href="/Shop/Search/Products?searchTerm=almonds&amp;name=macro-nuts-almond-kernels&amp;productId=355118">
                        <!-- ngIf: !displaySmallFormatVersion() && !isdetail && hasVariants -->
                        <!-- ngIf: displaySmallFormatVersion() || isdetail || !hasVariants --><span class="shelfProductStamp-productDetailsLink" ng-if="displaySmallFormatVersion() || isdetail || !hasVariants" ng-bind-html="::(product.SmallFormatDescription | sanitize)">Macro Nuts Almond Kernels</span><!-- end ngIf: displaySmallFormatVersion() || isdetail || !hasVariants -->
                        <br>
                        <!-- ngIf: displaySmallFormatVersion() || isdetail || !hasVariants --><span class="shelfProductStamp-productDetailsPackageSize" ng-if="displaySmallFormatVersion() || isdetail || !hasVariants"> 500g</span><!-- end ngIf: displaySmallFormatVersion() || isdetail || !hasVariants -->
                    </a><!-- end ngIf: ::canOpenDetail -->
                    <!-- ngIf: ::!canOpenDetail -->
                </h3>

                <!-- ngIf: ::hasVariants -->
            </div>
            <div class="shelfProductStamp-centerProductTagContainer">
                <!-- ngIf: ::showCenterTag -->
            </div>
            <div class="shelfProductStamp-header u-ngFade">
                <wow-saved-list-product-stamp-ctrl product="::product" isdetail="isdetail"><div class="shelfProductStamp-savedLists cardViewCompactSavedToList" ng-class="{'cardViewCompactSavedToList': !isdetail}">
    <div class="shelfProductStamp-savedLists-saveToListContainer" ng-show="!isListEditMode()">
        <a href="javascript:;" ng-show="saveToListStateDefault()" ng-click="saveToDefaultList()" class="saveToList-link _saveToDefaultList saveToList-link-text saveToList-link-default">
            Save <span class="sr-only">Macro Nuts Almond Kernels</span> to list<i class="icon-savetolist saveToList-icon-list"></i>
        </a>

        <div ng-show="saveToListStateSavedToList()" class="saveToList-link-saved saveToList-link-text ng-hide">
            Saved <span class="sr-only">Macro Nuts Almond Kernels</span> to <a class="saveToList-link-text-link _saveToListLink" href="javascript:;" ng-click="toggleSavedListsDropdown()"></a>
            <i class="icon-tick saveToList-icon-tick"></i>
        </div>

        <ul ng-show="showSavedListsDropdown()" class="saveToList-listSelection-items saveToList-listSelection ng-hide">
            <!-- ngRepeat: list in savedListsSelection -->
        </ul>
    </div>

    <a href="javascript:;" class="shelfProductStamp-savedLists-editModeRemoveIconContainer ng-hide" ng-show="isListEditMode() &amp;&amp; !isdetail" ng-click="deleteListItem()">
        <span class="sr-only">Remove Macro Nuts Almond Kernels from list</span><i class="removeIcon icon-close_x"></i>
    </a>
</div></wow-saved-list-product-stamp-ctrl>
            </div>

            <!-- ngIf: (showFooter || showCenterTag) -->

            <wow-shelf-product-pricing-container class="shelfProductStamp-pricingContainer" product="::product"><!-- ngIf: ::(!featuresEnabled) -->

<!-- ngIf: ::featuresEnabled --><div class="pricingContainer pricingContainer--grid u-ngFade noCenterTag" ng-class="::{'noCenterTag': !showCenterTag}" ng-if="::featuresEnabled">
    <!-- ngIf: ::(product.IsOnSpecial && !product.HideWasSavedPrice) --><div class="pricingContainer-saveWrapper" ng-if="::(product.IsOnSpecial &amp;&amp; !product.HideWasSavedPrice)">
        <div class="pricingContainer-saveContainer">
            <span class="pricingContainer-saveHeading">SAVE</span>
            <span class="pricingContainer-savePrice">$1.29</span>
        </div>
    </div><!-- end ngIf: ::(product.IsOnSpecial && !product.HideWasSavedPrice) -->
    <div class="pricingContainer-priceContainer">
        <span class="pricingContainer-priceAmount u-special" ng-class="::specialClass">$11.50</span>
        <!-- ngIf: ::product.CupPrice --><span ng-if="::product.CupPrice" class="pricingContainer-priceCup">
            $23.00 / 1KG
        </span><!-- end ngIf: ::product.CupPrice -->
    </div>
</div><!-- end ngIf: ::featuresEnabled --></wow-shelf-product-pricing-container>

            <wow-trolley-controls class="u-ngFade" product="::product" use-trolley-quantity="true"><form role="form" ng-submit="addOrUpdate()" class="trolley-controls  _hideOnScroll ng-valid-maxlength" ng-show="true">
    <!-- ngIf: trolleyControlMessage --><span class="sr-only" role="status" aria-live="polite" aria-atomic="true" ng-bind="message" message="selected quantity is 1." ng-if="trolleyControlMessage">selected quantity is 1.</span><!-- end ngIf: trolleyControlMessage -->

    <div role="group" aria-label="Macro Nuts Almond Kernels">
        <button type="button" class="trolley-quantity-button trolley-quantity-decrement disabled" ng-click="decrement()" ng-class="{'disabled': isDecrementDisabled}">
            <span class="sr-only">Decrease  order amount</span><i class="icon-quantity_minus trolley-quantity-minus"></i>
        </button>
        <button type="button" class="trolley-quantity-button trolley-quantity-increment" ng-click="increment()" ng-class="{'disabled': isIncrementDisabled}">
            <span class="sr-only">Increase  order amount</span><i class="icon-quantity_plus trolley-quantity-plus"></i>
        </button>
        <label for="c910d776-1004-34ff-83fa-2000e44fbcbf">
            <span class="sr-only">Order quantity</span>
        </label>
        <input type="text" class="quantity-input ng-pristine ng-untouched ng-valid ng-valid-maxlength" id="c910d776-1004-34ff-83fa-2000e44fbcbf" ng-class="{'kilograms disabled': isInKilograms}" ng-disabled="::isInKilograms" ng-model="::updateQuantity" ng-model-options="::{ getterSetter: true, updateOn: 'default blur', debounce: { default: 200, blur: 0 } }" ng-blur="::blur()" maxlength="5">
        <button type="submit" class="button button--primary add-to-trolley-button" ng-class="{'disabled': showDisabledState()}" ng-show="::showAddOrUpdate">
            <span class="_quantity-input-value">Add</span> <span class="sr-only">item to trolley</span>
        </button>
    </div>
</form>
<!-- ngIf: modalMessage --></wow-trolley-controls>

            <div class="trolley-controls _hideOnScroll ng-hide" ng-show="false">
                <div class="button button--comms shelfProductStamp-unAvailable">
                    Unavailable
                </div>
            </div>

        </div>

        <div class="shelfProductStamp-selectedPointer ng-hide" ng-class="::{'shelfProductStamp-selectedPointer--footerEnabled': product.IsFooterEnabled}" ng-show="selectedPointer()"></div>
    </div>
    <!-- ngIf: ::showFooter -->
</div></wow-shelf-product></span>

<div class="cardDetail-container ng-hide" ng-show="::card.isDetail">

    <a href="javascript:;" ng-click="cardCtrl.closeCardDetail()" class="cardDetail-close" oly-move-focus="">
        <i class="icon-close_x"></i><span class="sr-only">Close details</span></a>

    <div class="_cardDetail-content"></div>

</div></wow-card><!-- end ngRepeat: card in cards track by card.isotopeId --><wow-card ng-repeat="card in cards track by card.isotopeId" card="card" class="isotope-item card-directive" ng-class="::{'detail-wrapper': card.isDetail, 'isMoved' : card.isMoved}" data-isotope-order="340" id="abb99281-68ac-2a36-0400-c39dfc8fd542" tabindex="-1" oly-repeat-finished="onFinishRender()"><span class="_card"><wow-shelf-product product="product"><div class="shelfProductStamp card u-noOutline shelfProductStamp--regular enable-center-product-tag" data-stockcode="334885" tabindex="-1" ng-class="{
         'shelfProductStamp--regular' : !isdetail,
         'is-largeFormat': forceLargeFormatView,
         'is-smallFormat': forceSmallFormatView,
         'md-responsive' : sfResponsiveSize.medium,
         'lg-responsive' : sfResponsiveSize.large,
         'sm-responsive' : sfResponsiveSize.small,
         'xs-responsive' : sfResponsiveSize.xSmall,
         'enable-center-product-tag' : !forceDisableCenterProductTag
     }">

    <div class="shelfProductStamp-mainContainer">

        <div class="shelfProductStamp-content row">
            <div class="shelfProductStamp-imageTagsContainer" ng-switch="::(!!product.ImageTag.TagLink)">
                <img ng-src="/Content/wowProductImages/medium/334885.jpg" alt="" class="shelfProductStamp-productImage u-noOutline u-cursor-pointer" ng-click="showProductDetail($event)" ng-class="::{'u-cursor-pointer': canOpenDetail}" src="/Content/wowProductImages/medium/334885.jpg">

                <!-- ngSwitchWhen: true -->
                <!-- ngSwitchWhen: false --><span ng-switch-when="false" class="shelfProductStamp-leftTag" ng-click="gtmStaticTagClickPush()">
                    <img ng-show="::(product.ImageTag &amp;&amp; product.ImageTag.TagContent)" ng-src="" alt="" class="shelfProductStamp-leftTagImage ng-hide">
                </span><!-- end ngSwitchWhen: -->

            </div>

            <div class="shelfProductStamp-productName">
                <h3 class="shelfProductStamp-productNameInner">
                    <!-- ngIf: ::canOpenDetail --><a ng-click="showProductDetail($event)" class="shelfProductStamp-productNameInnerDescription noVariants" ng-class="::{'noVariants': !hasVariants}" ng-href="/Shop/Search/Products?searchTerm=almonds&amp;name=macro-nuts-almond-meal&amp;productId=334885" ng-if="::canOpenDetail" aria-label="Macro Nuts Almond Meal 400g" title="Macro Nuts Almond Meal 400g" href="/Shop/Search/Products?searchTerm=almonds&amp;name=macro-nuts-almond-meal&amp;productId=334885">
                        <!-- ngIf: !displaySmallFormatVersion() && !isdetail && hasVariants -->
                        <!-- ngIf: displaySmallFormatVersion() || isdetail || !hasVariants --><span class="shelfProductStamp-productDetailsLink" ng-if="displaySmallFormatVersion() || isdetail || !hasVariants" ng-bind-html="::(product.SmallFormatDescription | sanitize)">Macro Nuts Almond Meal</span><!-- end ngIf: displaySmallFormatVersion() || isdetail || !hasVariants -->
                        <br>
                        <!-- ngIf: displaySmallFormatVersion() || isdetail || !hasVariants --><span class="shelfProductStamp-productDetailsPackageSize" ng-if="displaySmallFormatVersion() || isdetail || !hasVariants"> 400g</span><!-- end ngIf: displaySmallFormatVersion() || isdetail || !hasVariants -->
                    </a><!-- end ngIf: ::canOpenDetail -->
                    <!-- ngIf: ::!canOpenDetail -->
                </h3>

                <!-- ngIf: ::hasVariants -->
            </div>
            <div class="shelfProductStamp-centerProductTagContainer">
                <!-- ngIf: ::showCenterTag -->
            </div>
            <div class="shelfProductStamp-header u-ngFade">
                <wow-saved-list-product-stamp-ctrl product="::product" isdetail="isdetail"><div class="shelfProductStamp-savedLists cardViewCompactSavedToList" ng-class="{'cardViewCompactSavedToList': !isdetail}">
    <div class="shelfProductStamp-savedLists-saveToListContainer" ng-show="!isListEditMode()">
        <a href="javascript:;" ng-show="saveToListStateDefault()" ng-click="saveToDefaultList()" class="saveToList-link _saveToDefaultList saveToList-link-text saveToList-link-default">
            Save <span class="sr-only">Macro Nuts Almond Meal</span> to list<i class="icon-savetolist saveToList-icon-list"></i>
        </a>

        <div ng-show="saveToListStateSavedToList()" class="saveToList-link-saved saveToList-link-text ng-hide">
            Saved <span class="sr-only">Macro Nuts Almond Meal</span> to <a class="saveToList-link-text-link _saveToListLink" href="javascript:;" ng-click="toggleSavedListsDropdown()"></a>
            <i class="icon-tick saveToList-icon-tick"></i>
        </div>

        <ul ng-show="showSavedListsDropdown()" class="saveToList-listSelection-items saveToList-listSelection ng-hide">
            <!-- ngRepeat: list in savedListsSelection -->
        </ul>
    </div>

    <a href="javascript:;" class="shelfProductStamp-savedLists-editModeRemoveIconContainer ng-hide" ng-show="isListEditMode() &amp;&amp; !isdetail" ng-click="deleteListItem()">
        <span class="sr-only">Remove Macro Nuts Almond Meal from list</span><i class="removeIcon icon-close_x"></i>
    </a>
</div></wow-saved-list-product-stamp-ctrl>
            </div>

            <!-- ngIf: (showFooter || showCenterTag) -->

            <wow-shelf-product-pricing-container class="shelfProductStamp-pricingContainer" product="::product"><!-- ngIf: ::(!featuresEnabled) -->

<!-- ngIf: ::featuresEnabled --><div class="pricingContainer pricingContainer--grid u-ngFade noCenterTag" ng-class="::{'noCenterTag': !showCenterTag}" ng-if="::featuresEnabled">
    <!-- ngIf: ::(product.IsOnSpecial && !product.HideWasSavedPrice) -->
    <div class="pricingContainer-priceContainer">
        <span class="pricingContainer-priceAmount" ng-class="::specialClass">$8.67</span>
        <!-- ngIf: ::product.CupPrice --><span ng-if="::product.CupPrice" class="pricingContainer-priceCup">
            $21.68 / 1KG
        </span><!-- end ngIf: ::product.CupPrice -->
    </div>
</div><!-- end ngIf: ::featuresEnabled --></wow-shelf-product-pricing-container>

            <wow-trolley-controls class="u-ngFade" product="::product" use-trolley-quantity="true"><form role="form" ng-submit="addOrUpdate()" class="trolley-controls  _hideOnScroll ng-valid-maxlength" ng-show="true">
    <!-- ngIf: trolleyControlMessage --><span class="sr-only" role="status" aria-live="polite" aria-atomic="true" ng-bind="message" message="selected quantity is 1." ng-if="trolleyControlMessage">selected quantity is 1.</span><!-- end ngIf: trolleyControlMessage -->

    <div role="group" aria-label="Macro Nuts Almond Meal">
        <button type="button" class="trolley-quantity-button trolley-quantity-decrement disabled" ng-click="decrement()" ng-class="{'disabled': isDecrementDisabled}">
            <span class="sr-only">Decrease  order amount</span><i class="icon-quantity_minus trolley-quantity-minus"></i>
        </button>
        <button type="button" class="trolley-quantity-button trolley-quantity-increment" ng-click="increment()" ng-class="{'disabled': isIncrementDisabled}">
            <span class="sr-only">Increase  order amount</span><i class="icon-quantity_plus trolley-quantity-plus"></i>
        </button>
        <label for="92e1d69b-c102-b5e6-41ed-53e1a2d132e1">
            <span class="sr-only">Order quantity</span>
        </label>
        <input type="text" class="quantity-input ng-pristine ng-untouched ng-valid ng-valid-maxlength" id="92e1d69b-c102-b5e6-41ed-53e1a2d132e1" ng-class="{'kilograms disabled': isInKilograms}" ng-disabled="::isInKilograms" ng-model="::updateQuantity" ng-model-options="::{ getterSetter: true, updateOn: 'default blur', debounce: { default: 200, blur: 0 } }" ng-blur="::blur()" maxlength="5">
        <button type="submit" class="button button--primary add-to-trolley-button" ng-class="{'disabled': showDisabledState()}" ng-show="::showAddOrUpdate">
            <span class="_quantity-input-value">Add</span> <span class="sr-only">item to trolley</span>
        </button>
    </div>
</form>
<!-- ngIf: modalMessage --></wow-trolley-controls>

            <div class="trolley-controls _hideOnScroll ng-hide" ng-show="false">
                <div class="button button--comms shelfProductStamp-unAvailable">
                    Unavailable
                </div>
            </div>

        </div>

        <div class="shelfProductStamp-selectedPointer ng-hide" ng-class="::{'shelfProductStamp-selectedPointer--footerEnabled': product.IsFooterEnabled}" ng-show="selectedPointer()"></div>
    </div>
    <!-- ngIf: ::showFooter -->
</div></wow-shelf-product></span>

<div class="cardDetail-container ng-hide" ng-show="::card.isDetail">

    <a href="javascript:;" ng-click="cardCtrl.closeCardDetail()" class="cardDetail-close" oly-move-focus="">
        <i class="icon-close_x"></i><span class="sr-only">Close details</span></a>

    <div class="_cardDetail-content"></div>

</div></wow-card><!-- end ngRepeat: card in cards track by card.isotopeId --><wow-card ng-repeat="card in cards track by card.isotopeId" card="card" class="isotope-item card-directive" ng-class="::{'detail-wrapper': card.isDetail, 'isMoved' : card.isMoved}" data-isotope-order="350" id="f3d7cb0d-10ab-2357-fdf8-fa4880cef15f" tabindex="-1" oly-repeat-finished="onFinishRender()"><span class="_card"><wow-shelf-product product="product"><div class="shelfProductStamp card u-noOutline shelfProductStamp--regular enable-center-product-tag" data-stockcode="266069" tabindex="-1" ng-class="{
         'shelfProductStamp--regular' : !isdetail,
         'is-largeFormat': forceLargeFormatView,
         'is-smallFormat': forceSmallFormatView,
         'md-responsive' : sfResponsiveSize.medium,
         'lg-responsive' : sfResponsiveSize.large,
         'sm-responsive' : sfResponsiveSize.small,
         'xs-responsive' : sfResponsiveSize.xSmall,
         'enable-center-product-tag' : !forceDisableCenterProductTag
     }">

    <div class="shelfProductStamp-mainContainer">

        <div class="shelfProductStamp-content row">
            <div class="shelfProductStamp-imageTagsContainer" ng-switch="::(!!product.ImageTag.TagLink)">
                <img ng-src="/Content/wowProductImages/medium/266069.jpg" alt="" class="shelfProductStamp-productImage u-noOutline u-cursor-pointer" ng-click="showProductDetail($event)" ng-class="::{'u-cursor-pointer': canOpenDetail}" src="/Content/wowProductImages/medium/266069.jpg">

                <!-- ngSwitchWhen: true -->
                <!-- ngSwitchWhen: false --><span ng-switch-when="false" class="shelfProductStamp-leftTag" ng-click="gtmStaticTagClickPush()">
                    <img ng-show="::(product.ImageTag &amp;&amp; product.ImageTag.TagContent)" ng-src="" alt="" class="shelfProductStamp-leftTagImage ng-hide">
                </span><!-- end ngSwitchWhen: -->

            </div>

            <div class="shelfProductStamp-productName">
                <h3 class="shelfProductStamp-productNameInner">
                    <!-- ngIf: ::canOpenDetail --><a ng-click="showProductDetail($event)" class="shelfProductStamp-productNameInnerDescription noVariants" ng-class="::{'noVariants': !hasVariants}" ng-href="/Shop/Search/Products?searchTerm=almonds&amp;name=macro-nuts-almond-dry-roasted&amp;productId=266069" ng-if="::canOpenDetail" aria-label="Macro Nuts Almond Dry Roasted 250g" title="Macro Nuts Almond Dry Roasted 250g" href="/Shop/Search/Products?searchTerm=almonds&amp;name=macro-nuts-almond-dry-roasted&amp;productId=266069">
                        <!-- ngIf: !displaySmallFormatVersion() && !isdetail && hasVariants -->
                        <!-- ngIf: displaySmallFormatVersion() || isdetail || !hasVariants --><span class="shelfProductStamp-productDetailsLink" ng-if="displaySmallFormatVersion() || isdetail || !hasVariants" ng-bind-html="::(product.SmallFormatDescription | sanitize)">Macro Nuts Almond Dry Roasted</span><!-- end ngIf: displaySmallFormatVersion() || isdetail || !hasVariants -->
                        <br>
                        <!-- ngIf: displaySmallFormatVersion() || isdetail || !hasVariants --><span class="shelfProductStamp-productDetailsPackageSize" ng-if="displaySmallFormatVersion() || isdetail || !hasVariants"> 250g</span><!-- end ngIf: displaySmallFormatVersion() || isdetail || !hasVariants -->
                    </a><!-- end ngIf: ::canOpenDetail -->
                    <!-- ngIf: ::!canOpenDetail -->
                </h3>

                <!-- ngIf: ::hasVariants -->
            </div>
            <div class="shelfProductStamp-centerProductTagContainer">
                <!-- ngIf: ::showCenterTag -->
            </div>
            <div class="shelfProductStamp-header u-ngFade">
                <wow-saved-list-product-stamp-ctrl product="::product" isdetail="isdetail"><div class="shelfProductStamp-savedLists cardViewCompactSavedToList" ng-class="{'cardViewCompactSavedToList': !isdetail}">
    <div class="shelfProductStamp-savedLists-saveToListContainer" ng-show="!isListEditMode()">
        <a href="javascript:;" ng-show="saveToListStateDefault()" ng-click="saveToDefaultList()" class="saveToList-link _saveToDefaultList saveToList-link-text saveToList-link-default">
            Save <span class="sr-only">Macro Nuts Almond Dry Roasted</span> to list<i class="icon-savetolist saveToList-icon-list"></i>
        </a>

        <div ng-show="saveToListStateSavedToList()" class="saveToList-link-saved saveToList-link-text ng-hide">
            Saved <span class="sr-only">Macro Nuts Almond Dry Roasted</span> to <a class="saveToList-link-text-link _saveToListLink" href="javascript:;" ng-click="toggleSavedListsDropdown()"></a>
            <i class="icon-tick saveToList-icon-tick"></i>
        </div>

        <ul ng-show="showSavedListsDropdown()" class="saveToList-listSelection-items saveToList-listSelection ng-hide">
            <!-- ngRepeat: list in savedListsSelection -->
        </ul>
    </div>

    <a href="javascript:;" class="shelfProductStamp-savedLists-editModeRemoveIconContainer ng-hide" ng-show="isListEditMode() &amp;&amp; !isdetail" ng-click="deleteListItem()">
        <span class="sr-only">Remove Macro Nuts Almond Dry Roasted from list</span><i class="removeIcon icon-close_x"></i>
    </a>
</div></wow-saved-list-product-stamp-ctrl>
            </div>

            <!-- ngIf: (showFooter || showCenterTag) -->

            <wow-shelf-product-pricing-container class="shelfProductStamp-pricingContainer" product="::product"><!-- ngIf: ::(!featuresEnabled) -->

<!-- ngIf: ::featuresEnabled --><div class="pricingContainer pricingContainer--grid u-ngFade noCenterTag" ng-class="::{'noCenterTag': !showCenterTag}" ng-if="::featuresEnabled">
    <!-- ngIf: ::(product.IsOnSpecial && !product.HideWasSavedPrice) -->
    <div class="pricingContainer-priceContainer">
        <span class="pricingContainer-priceAmount" ng-class="::specialClass">$6.89</span>
        <!-- ngIf: ::product.CupPrice --><span ng-if="::product.CupPrice" class="pricingContainer-priceCup">
            $27.56 / 1KG
        </span><!-- end ngIf: ::product.CupPrice -->
    </div>
</div><!-- end ngIf: ::featuresEnabled --></wow-shelf-product-pricing-container>

            <wow-trolley-controls class="u-ngFade" product="::product" use-trolley-quantity="true"><form role="form" ng-submit="addOrUpdate()" class="trolley-controls  _hideOnScroll ng-valid-maxlength" ng-show="true">
    <!-- ngIf: trolleyControlMessage --><span class="sr-only" role="status" aria-live="polite" aria-atomic="true" ng-bind="message" message="selected quantity is 1." ng-if="trolleyControlMessage">selected quantity is 1.</span><!-- end ngIf: trolleyControlMessage -->

    <div role="group" aria-label="Macro Nuts Almond Dry Roasted">
        <button type="button" class="trolley-quantity-button trolley-quantity-decrement disabled" ng-click="decrement()" ng-class="{'disabled': isDecrementDisabled}">
            <span class="sr-only">Decrease  order amount</span><i class="icon-quantity_minus trolley-quantity-minus"></i>
        </button>
        <button type="button" class="trolley-quantity-button trolley-quantity-increment" ng-click="increment()" ng-class="{'disabled': isIncrementDisabled}">
            <span class="sr-only">Increase  order amount</span><i class="icon-quantity_plus trolley-quantity-plus"></i>
        </button>
        <label for="8f79c9fd-202e-9f56-03ce-225a5fb87a83">
            <span class="sr-only">Order quantity</span>
        </label>
        <input type="text" class="quantity-input ng-pristine ng-untouched ng-valid ng-valid-maxlength" id="8f79c9fd-202e-9f56-03ce-225a5fb87a83" ng-class="{'kilograms disabled': isInKilograms}" ng-disabled="::isInKilograms" ng-model="::updateQuantity" ng-model-options="::{ getterSetter: true, updateOn: 'default blur', debounce: { default: 200, blur: 0 } }" ng-blur="::blur()" maxlength="5">
        <button type="submit" class="button button--primary add-to-trolley-button" ng-class="{'disabled': showDisabledState()}" ng-show="::showAddOrUpdate">
            <span class="_quantity-input-value">Add</span> <span class="sr-only">item to trolley</span>
        </button>
    </div>
</form>
<!-- ngIf: modalMessage --></wow-trolley-controls>

            <div class="trolley-controls _hideOnScroll ng-hide" ng-show="false">
                <div class="button button--comms shelfProductStamp-unAvailable">
                    Unavailable
                </div>
            </div>

        </div>

        <div class="shelfProductStamp-selectedPointer ng-hide" ng-class="::{'shelfProductStamp-selectedPointer--footerEnabled': product.IsFooterEnabled}" ng-show="selectedPointer()"></div>
    </div>
    <!-- ngIf: ::showFooter -->
</div></wow-shelf-product></span>

<div class="cardDetail-container ng-hide" ng-show="::card.isDetail">

    <a href="javascript:;" ng-click="cardCtrl.closeCardDetail()" class="cardDetail-close" oly-move-focus="">
        <i class="icon-close_x"></i><span class="sr-only">Close details</span></a>

    <div class="_cardDetail-content"></div>

</div></wow-card><!-- end ngRepeat: card in cards track by card.isotopeId --><wow-card ng-repeat="card in cards track by card.isotopeId" card="card" class="isotope-item card-directive" ng-class="::{'detail-wrapper': card.isDetail, 'isMoved' : card.isMoved}" data-isotope-order="360" id="d4413c55-64eb-af93-beed-082345918c8b" tabindex="-1" oly-repeat-finished="onFinishRender()"><span class="_card"><wow-shelf-product product="product"><div class="shelfProductStamp card u-noOutline shelfProductStamp--regular enable-center-product-tag" data-stockcode="943498" tabindex="-1" ng-class="{
         'shelfProductStamp--regular' : !isdetail,
         'is-largeFormat': forceLargeFormatView,
         'is-smallFormat': forceSmallFormatView,
         'md-responsive' : sfResponsiveSize.medium,
         'lg-responsive' : sfResponsiveSize.large,
         'sm-responsive' : sfResponsiveSize.small,
         'xs-responsive' : sfResponsiveSize.xSmall,
         'enable-center-product-tag' : !forceDisableCenterProductTag
     }">

    <div class="shelfProductStamp-mainContainer">

        <div class="shelfProductStamp-content row">
            <div class="shelfProductStamp-imageTagsContainer" ng-switch="::(!!product.ImageTag.TagLink)">
                <img ng-src="/Content/wowProductImages/medium/943498.JPG" alt="" class="shelfProductStamp-productImage u-noOutline u-cursor-pointer" ng-click="showProductDetail($event)" ng-class="::{'u-cursor-pointer': canOpenDetail}" src="/Content/wowProductImages/medium/943498.JPG">

                <!-- ngSwitchWhen: true -->
                <!-- ngSwitchWhen: false --><span ng-switch-when="false" class="shelfProductStamp-leftTag" ng-click="gtmStaticTagClickPush()">
                    <img ng-show="::(product.ImageTag &amp;&amp; product.ImageTag.TagContent)" ng-src="" alt="" class="shelfProductStamp-leftTagImage ng-hide">
                </span><!-- end ngSwitchWhen: -->

            </div>

            <div class="shelfProductStamp-productName">
                <h3 class="shelfProductStamp-productNameInner">
                    <!-- ngIf: ::canOpenDetail --><a ng-click="showProductDetail($event)" class="shelfProductStamp-productNameInnerDescription noVariants" ng-class="::{'noVariants': !hasVariants}" ng-href="/Shop/Search/Products?searchTerm=almonds&amp;name=earth-s-bounty-activated-almonds&amp;productId=943498" ng-if="::canOpenDetail" aria-label="Earth's Bounty Activated Almonds  150g" title="Earth's Bounty Activated Almonds  150g" href="/Shop/Search/Products?searchTerm=almonds&amp;name=earth-s-bounty-activated-almonds&amp;productId=943498">
                        <!-- ngIf: !displaySmallFormatVersion() && !isdetail && hasVariants -->
                        <!-- ngIf: displaySmallFormatVersion() || isdetail || !hasVariants --><span class="shelfProductStamp-productDetailsLink" ng-if="displaySmallFormatVersion() || isdetail || !hasVariants" ng-bind-html="::(product.SmallFormatDescription | sanitize)">Earth's Bounty Activated Almonds </span><!-- end ngIf: displaySmallFormatVersion() || isdetail || !hasVariants -->
                        <br>
                        <!-- ngIf: displaySmallFormatVersion() || isdetail || !hasVariants --><span class="shelfProductStamp-productDetailsPackageSize" ng-if="displaySmallFormatVersion() || isdetail || !hasVariants"> 150g</span><!-- end ngIf: displaySmallFormatVersion() || isdetail || !hasVariants -->
                    </a><!-- end ngIf: ::canOpenDetail -->
                    <!-- ngIf: ::!canOpenDetail -->
                </h3>

                <!-- ngIf: ::hasVariants -->
            </div>
            <div class="shelfProductStamp-centerProductTagContainer">
                <!-- ngIf: ::showCenterTag -->
            </div>
            <div class="shelfProductStamp-header u-ngFade">
                <wow-saved-list-product-stamp-ctrl product="::product" isdetail="isdetail"><div class="shelfProductStamp-savedLists cardViewCompactSavedToList" ng-class="{'cardViewCompactSavedToList': !isdetail}">
    <div class="shelfProductStamp-savedLists-saveToListContainer" ng-show="!isListEditMode()">
        <a href="javascript:;" ng-show="saveToListStateDefault()" ng-click="saveToDefaultList()" class="saveToList-link _saveToDefaultList saveToList-link-text saveToList-link-default">
            Save <span class="sr-only">Earth's Bounty Activated Almonds </span> to list<i class="icon-savetolist saveToList-icon-list"></i>
        </a>

        <div ng-show="saveToListStateSavedToList()" class="saveToList-link-saved saveToList-link-text ng-hide">
            Saved <span class="sr-only">Earth's Bounty Activated Almonds </span> to <a class="saveToList-link-text-link _saveToListLink" href="javascript:;" ng-click="toggleSavedListsDropdown()"></a>
            <i class="icon-tick saveToList-icon-tick"></i>
        </div>

        <ul ng-show="showSavedListsDropdown()" class="saveToList-listSelection-items saveToList-listSelection ng-hide">
            <!-- ngRepeat: list in savedListsSelection -->
        </ul>
    </div>

    <a href="javascript:;" class="shelfProductStamp-savedLists-editModeRemoveIconContainer ng-hide" ng-show="isListEditMode() &amp;&amp; !isdetail" ng-click="deleteListItem()">
        <span class="sr-only">Remove Earth's Bounty Activated Almonds  from list</span><i class="removeIcon icon-close_x"></i>
    </a>
</div></wow-saved-list-product-stamp-ctrl>
            </div>

            <!-- ngIf: (showFooter || showCenterTag) -->

            <wow-shelf-product-pricing-container class="shelfProductStamp-pricingContainer" product="::product"><!-- ngIf: ::(!featuresEnabled) -->

<!-- ngIf: ::featuresEnabled --><div class="pricingContainer pricingContainer--grid u-ngFade noCenterTag" ng-class="::{'noCenterTag': !showCenterTag}" ng-if="::featuresEnabled">
    <!-- ngIf: ::(product.IsOnSpecial && !product.HideWasSavedPrice) -->
    <div class="pricingContainer-priceContainer">
        <span class="pricingContainer-priceAmount" ng-class="::specialClass">$9.99</span>
        <!-- ngIf: ::product.CupPrice --><span ng-if="::product.CupPrice" class="pricingContainer-priceCup">
            $6.66 / 100G
        </span><!-- end ngIf: ::product.CupPrice -->
    </div>
</div><!-- end ngIf: ::featuresEnabled --></wow-shelf-product-pricing-container>

            <wow-trolley-controls class="u-ngFade" product="::product" use-trolley-quantity="true"><form role="form" ng-submit="addOrUpdate()" class="trolley-controls  _hideOnScroll ng-valid-maxlength" ng-show="true">
    <!-- ngIf: trolleyControlMessage --><span class="sr-only" role="status" aria-live="polite" aria-atomic="true" ng-bind="message" message="selected quantity is 1." ng-if="trolleyControlMessage">selected quantity is 1.</span><!-- end ngIf: trolleyControlMessage -->

    <div role="group" aria-label="Earth's Bounty Activated Almonds ">
        <button type="button" class="trolley-quantity-button trolley-quantity-decrement disabled" ng-click="decrement()" ng-class="{'disabled': isDecrementDisabled}">
            <span class="sr-only">Decrease  order amount</span><i class="icon-quantity_minus trolley-quantity-minus"></i>
        </button>
        <button type="button" class="trolley-quantity-button trolley-quantity-increment" ng-click="increment()" ng-class="{'disabled': isIncrementDisabled}">
            <span class="sr-only">Increase  order amount</span><i class="icon-quantity_plus trolley-quantity-plus"></i>
        </button>
        <label for="909fc006-4e5d-4eca-2c5b-06c75fb6e611">
            <span class="sr-only">Order quantity</span>
        </label>
        <input type="text" class="quantity-input ng-pristine ng-untouched ng-valid ng-valid-maxlength" id="909fc006-4e5d-4eca-2c5b-06c75fb6e611" ng-class="{'kilograms disabled': isInKilograms}" ng-disabled="::isInKilograms" ng-model="::updateQuantity" ng-model-options="::{ getterSetter: true, updateOn: 'default blur', debounce: { default: 200, blur: 0 } }" ng-blur="::blur()" maxlength="5">
        <button type="submit" class="button button--primary add-to-trolley-button" ng-class="{'disabled': showDisabledState()}" ng-show="::showAddOrUpdate">
            <span class="_quantity-input-value">Add</span> <span class="sr-only">item to trolley</span>
        </button>
    </div>
</form>
<!-- ngIf: modalMessage --></wow-trolley-controls>

            <div class="trolley-controls _hideOnScroll ng-hide" ng-show="false">
                <div class="button button--comms shelfProductStamp-unAvailable">
                    Unavailable
                </div>
            </div>

        </div>

        <div class="shelfProductStamp-selectedPointer ng-hide" ng-class="::{'shelfProductStamp-selectedPointer--footerEnabled': product.IsFooterEnabled}" ng-show="selectedPointer()"></div>
    </div>
    <!-- ngIf: ::showFooter -->
</div></wow-shelf-product></span>

<div class="cardDetail-container ng-hide" ng-show="::card.isDetail">

    <a href="javascript:;" ng-click="cardCtrl.closeCardDetail()" class="cardDetail-close" oly-move-focus="">
        <i class="icon-close_x"></i><span class="sr-only">Close details</span></a>

    <div class="_cardDetail-content"></div>

</div></wow-card><!-- end ngRepeat: card in cards track by card.isotopeId --><wow-card ng-repeat="card in cards track by card.isotopeId" card="card" class="isotope-item card-directive" ng-class="::{'detail-wrapper': card.isDetail, 'isMoved' : card.isMoved}" data-isotope-order="370" id="78dd83a0-7000-4436-3204-a87c5b0a08a6" tabindex="-1" oly-repeat-finished="onFinishRender()"><span class="_card"><wow-shelf-product product="product"><div class="shelfProductStamp card u-noOutline shelfProductStamp--regular enable-center-product-tag" data-stockcode="841664" tabindex="-1" ng-class="{
         'shelfProductStamp--regular' : !isdetail,
         'is-largeFormat': forceLargeFormatView,
         'is-smallFormat': forceSmallFormatView,
         'md-responsive' : sfResponsiveSize.medium,
         'lg-responsive' : sfResponsiveSize.large,
         'sm-responsive' : sfResponsiveSize.small,
         'xs-responsive' : sfResponsiveSize.xSmall,
         'enable-center-product-tag' : !forceDisableCenterProductTag
     }">

    <div class="shelfProductStamp-mainContainer">

        <div class="shelfProductStamp-content row">
            <div class="shelfProductStamp-imageTagsContainer" ng-switch="::(!!product.ImageTag.TagLink)">
                <img ng-src="/Content/wowProductImages/medium/841664.JPG" alt="" class="shelfProductStamp-productImage u-noOutline u-cursor-pointer" ng-click="showProductDetail($event)" ng-class="::{'u-cursor-pointer': canOpenDetail}" src="/Content/wowProductImages/medium/841664.JPG">

                <!-- ngSwitchWhen: true -->
                <!-- ngSwitchWhen: false --><span ng-switch-when="false" class="shelfProductStamp-leftTag" ng-click="gtmStaticTagClickPush()">
                    <img ng-show="::(product.ImageTag &amp;&amp; product.ImageTag.TagContent)" ng-src="" alt="" class="shelfProductStamp-leftTagImage ng-hide">
                </span><!-- end ngSwitchWhen: -->

            </div>

            <div class="shelfProductStamp-productName">
                <h3 class="shelfProductStamp-productNameInner">
                    <!-- ngIf: ::canOpenDetail --><a ng-click="showProductDetail($event)" class="shelfProductStamp-productNameInnerDescription noVariants" ng-class="::{'noVariants': !hasVariants}" ng-href="/Shop/Search/Products?searchTerm=almonds&amp;name=woolworths-select-almond-kernels&amp;productId=841664" ng-if="::canOpenDetail" aria-label="Woolworths Select Almond Kernels  500g" title="Woolworths Select Almond Kernels  500g" href="/Shop/Search/Products?searchTerm=almonds&amp;name=woolworths-select-almond-kernels&amp;productId=841664">
                        <!-- ngIf: !displaySmallFormatVersion() && !isdetail && hasVariants -->
                        <!-- ngIf: displaySmallFormatVersion() || isdetail || !hasVariants --><span class="shelfProductStamp-productDetailsLink" ng-if="displaySmallFormatVersion() || isdetail || !hasVariants" ng-bind-html="::(product.SmallFormatDescription | sanitize)">Woolworths Select Almond Kernels </span><!-- end ngIf: displaySmallFormatVersion() || isdetail || !hasVariants -->
                        <br>
                        <!-- ngIf: displaySmallFormatVersion() || isdetail || !hasVariants --><span class="shelfProductStamp-productDetailsPackageSize" ng-if="displaySmallFormatVersion() || isdetail || !hasVariants"> 500g</span><!-- end ngIf: displaySmallFormatVersion() || isdetail || !hasVariants -->
                    </a><!-- end ngIf: ::canOpenDetail -->
                    <!-- ngIf: ::!canOpenDetail -->
                </h3>

                <!-- ngIf: ::hasVariants -->
            </div>
            <div class="shelfProductStamp-centerProductTagContainer">
                <!-- ngIf: ::showCenterTag -->
            </div>
            <div class="shelfProductStamp-header u-ngFade">
                <wow-saved-list-product-stamp-ctrl product="::product" isdetail="isdetail"><div class="shelfProductStamp-savedLists cardViewCompactSavedToList" ng-class="{'cardViewCompactSavedToList': !isdetail}">
    <div class="shelfProductStamp-savedLists-saveToListContainer" ng-show="!isListEditMode()">
        <a href="javascript:;" ng-show="saveToListStateDefault()" ng-click="saveToDefaultList()" class="saveToList-link _saveToDefaultList saveToList-link-text saveToList-link-default">
            Save <span class="sr-only">Woolworths Select Almond Kernels </span> to list<i class="icon-savetolist saveToList-icon-list"></i>
        </a>

        <div ng-show="saveToListStateSavedToList()" class="saveToList-link-saved saveToList-link-text ng-hide">
            Saved <span class="sr-only">Woolworths Select Almond Kernels </span> to <a class="saveToList-link-text-link _saveToListLink" href="javascript:;" ng-click="toggleSavedListsDropdown()"></a>
            <i class="icon-tick saveToList-icon-tick"></i>
        </div>

        <ul ng-show="showSavedListsDropdown()" class="saveToList-listSelection-items saveToList-listSelection ng-hide">
            <!-- ngRepeat: list in savedListsSelection -->
        </ul>
    </div>

    <a href="javascript:;" class="shelfProductStamp-savedLists-editModeRemoveIconContainer ng-hide" ng-show="isListEditMode() &amp;&amp; !isdetail" ng-click="deleteListItem()">
        <span class="sr-only">Remove Woolworths Select Almond Kernels  from list</span><i class="removeIcon icon-close_x"></i>
    </a>
</div></wow-saved-list-product-stamp-ctrl>
            </div>

            <!-- ngIf: (showFooter || showCenterTag) -->

            <wow-shelf-product-pricing-container class="shelfProductStamp-pricingContainer" product="::product"><!-- ngIf: ::(!featuresEnabled) -->

<!-- ngIf: ::featuresEnabled --><div class="pricingContainer pricingContainer--grid u-ngFade noCenterTag" ng-class="::{'noCenterTag': !showCenterTag}" ng-if="::featuresEnabled">
    <!-- ngIf: ::(product.IsOnSpecial && !product.HideWasSavedPrice) -->
    <div class="pricingContainer-priceContainer">
        <span class="pricingContainer-priceAmount" ng-class="::specialClass">$12.48</span>
        <!-- ngIf: ::product.CupPrice --><span ng-if="::product.CupPrice" class="pricingContainer-priceCup">
            $24.96 / 1KG
        </span><!-- end ngIf: ::product.CupPrice -->
    </div>
</div><!-- end ngIf: ::featuresEnabled --></wow-shelf-product-pricing-container>

            <wow-trolley-controls class="u-ngFade" product="::product" use-trolley-quantity="true"><form role="form" ng-submit="addOrUpdate()" class="trolley-controls  _hideOnScroll ng-valid-maxlength" ng-show="true">
    <!-- ngIf: trolleyControlMessage --><span class="sr-only" role="status" aria-live="polite" aria-atomic="true" ng-bind="message" message="selected quantity is 1." ng-if="trolleyControlMessage">selected quantity is 1.</span><!-- end ngIf: trolleyControlMessage -->

    <div role="group" aria-label="Woolworths Select Almond Kernels ">
        <button type="button" class="trolley-quantity-button trolley-quantity-decrement disabled" ng-click="decrement()" ng-class="{'disabled': isDecrementDisabled}">
            <span class="sr-only">Decrease  order amount</span><i class="icon-quantity_minus trolley-quantity-minus"></i>
        </button>
        <button type="button" class="trolley-quantity-button trolley-quantity-increment" ng-click="increment()" ng-class="{'disabled': isIncrementDisabled}">
            <span class="sr-only">Increase  order amount</span><i class="icon-quantity_plus trolley-quantity-plus"></i>
        </button>
        <label for="9ba26ae7-4413-8f93-f5e4-2777c2c86ccb">
            <span class="sr-only">Order quantity</span>
        </label>
        <input type="text" class="quantity-input ng-pristine ng-untouched ng-valid ng-valid-maxlength" id="9ba26ae7-4413-8f93-f5e4-2777c2c86ccb" ng-class="{'kilograms disabled': isInKilograms}" ng-disabled="::isInKilograms" ng-model="::updateQuantity" ng-model-options="::{ getterSetter: true, updateOn: 'default blur', debounce: { default: 200, blur: 0 } }" ng-blur="::blur()" maxlength="5">
        <button type="submit" class="button button--primary add-to-trolley-button" ng-class="{'disabled': showDisabledState()}" ng-show="::showAddOrUpdate">
            <span class="_quantity-input-value">Add</span> <span class="sr-only">item to trolley</span>
        </button>
    </div>
</form>
<!-- ngIf: modalMessage --></wow-trolley-controls>

            <div class="trolley-controls _hideOnScroll ng-hide" ng-show="false">
                <div class="button button--comms shelfProductStamp-unAvailable">
                    Unavailable
                </div>
            </div>

        </div>

        <div class="shelfProductStamp-selectedPointer ng-hide" ng-class="::{'shelfProductStamp-selectedPointer--footerEnabled': product.IsFooterEnabled}" ng-show="selectedPointer()"></div>
    </div>
    <!-- ngIf: ::showFooter -->
</div></wow-shelf-product></span>

<div class="cardDetail-container ng-hide" ng-show="::card.isDetail">

    <a href="javascript:;" ng-click="cardCtrl.closeCardDetail()" class="cardDetail-close" oly-move-focus="">
        <i class="icon-close_x"></i><span class="sr-only">Close details</span></a>

    <div class="_cardDetail-content"></div>

</div></wow-card><!-- end ngRepeat: card in cards track by card.isotopeId -->
    </div><!-- end ngIf: !breakpointsService.isInSmallFormat -->

    <div class="cardList-loadMore">
        <!-- ngIf: enableViewMoreLinkToCrawlByGoogle && !usePagingControl --><a ng-if="enableViewMoreLinkToCrawlByGoogle &amp;&amp; !usePagingControl" ng-href="/Shop/Search/Products?searchTerm=almonds&amp;pageNumber=2" ng-show="canLoadMore &amp;&amp; !isLoading &amp;&amp; !isInfiniteScrollingEnabled" ng-click="loadMoreCards($event)" class="cardList-loadMoreLink ng-hide" href="/Shop/Search/Products?searchTerm=almonds&amp;pageNumber=2">View more<span class="sr-only"> of Showing Results for "almonds"</span></a><!-- end ngIf: enableViewMoreLinkToCrawlByGoogle && !usePagingControl -->

        <!-- ngIf: !enableViewMoreLinkToCrawlByGoogle && !usePagingControl -->

        <!-- ngIf: canLoadMore && isInfiniteScrollingEnabled --><wow-loading-spinner ng-if="canLoadMore &amp;&amp; isInfiniteScrollingEnabled" class="cardList-infiniteScrollSpinner" sr-message="loading items for Showing Results for &quot;almonds&quot;" should-announce="false"><div class="spinner spinner-circle">
    <div class="spinner-container container1">
        <div class="circle circle1"></div>
        <div class="circle circle2"></div>
        <div class="circle circle3"></div>
        <div class="circle circle4"></div>
    </div>
    <div class="spinner-container container2">
        <div class="circle circle1"></div>
        <div class="circle circle2"></div>
        <div class="circle circle3"></div>
        <div class="circle circle4"></div>
    </div>
    <div class="spinner-container container3">
        <div class="circle circle1"></div>
        <div class="circle circle2"></div>
        <div class="circle circle3"></div>
        <div class="circle circle4"></div>
    </div>
</div>

<!-- ngIf: shouldAnnounce --></wow-loading-spinner><!-- end ngIf: canLoadMore && isInfiniteScrollingEnabled -->

        <!-- ngIf: usePagingControl -->
    </div>

    <!-- ngIf: isLoading -->
</div><!-- end ngIf: (cards.length > 0 && !isLoading) || isLoading || !zeroCardsTemplate -->
<div class="onesite-base _card-list-zero-results ng-hide" ng-show="showZeroCardsTemplate()"></div></wow-card-list></div>

                <oly-dynamic-content oly-dc-url-schedule="bottom" class="dynamic-content2-panelBottom"><!-- ngInclude: templateUrl --><div class="dynamic-content2-panel" ng-include="templateUrl" onload="dcCtrl.onLoad()">

<div class="dynamic-content-canvas onesite-base container-fluid is-empty dynamic-content-version2" data-schedule-key="/Shop/Search/Products-bottom" data-layout-id="">

</div></div></oly-dynamic-content>
            </div><!-- ngIf: shouldShowFooter() --></div>

            
        <div class="wowScrollbar"><div class="wowScrollbar-indicator" style="height: 10px; top: 0px;"></div></div></main><!-- end ngIf: shouldShowCenterPanel() -->

        <aside role="complementary" id="right-panel" wow-open-close-panel="right" wow-open-close-panel-sr-text="shopping trolley" tabindex="-1" class="closed u-noOutline"><!-- ngIf: !isOpen --><h2 class="sr-only" ng-if="!isOpen">shopping trolley</h2><!-- end ngIf: !isOpen -->
<a href="javascript:;" class="openClosePanel onesite-base openClosePanel--right closed" ng-click="togglePanel()">
    <i class="icon-panetoggle_left openClosePanel-openIcon"></i>
    <span class="sr-only">Expand shopping trolley</span>
</a>
<ng-transclude>
            <!-- uiView: right-panel --><div class="right-panel-content u-visibilityHidden" ui-view="right-panel"><wow-collection-zone show="orderManagementVisibility"><!-- ngIf: !orderManagementPanel.isShowing --><div class="collectionZone-wrapper" ng-if="!orderManagementPanel.isShowing">
    <h1 class="sr-only">Shopping Trolley</h1>
    <!-- ngIf: breakpointsService.isInMediumFormatGlobalHeader || breakpointsService.isInSmallFormat -->

    <div class="collectionZone onesite-base" ng-class="{'collectionZone--hidePadding': shopper.IsGuest}">
        <div class="collectionZone-list" wow-hide-scroll="" wow-scrollbar="" wow-disable-scrollbar="collectionzone.showDeliveryWizard" style="overflow: hidden;">

            <div class="hideScroll-wrapper " style="width: calc(100% + 17px); height: 100%; overflow-y: scroll; overflow-x: hidden;"><!-- ngIf: trolley.savedPrice > 0 --><!-- ngIf: showWowRewardsSummary() --><!-- ngIf: collectionzone.showDeliveryWizard && !promptForLogin --><div class="collectionZone-topPanel ng-hide" id="collectionzone-toppanel_login" tabindex="-1" ng-show="promptForLogin">
                <!-- ngIf: promptForLogin -->
            </div><div class="collectionZone-searchContainer ng-hide" ng-show="trolley.trolleyProducts.length">
                <h2 class="sr-only">Trolley filter</h2>
                <wow-input-container class="collectionZone-inputContainer">
                    <label for="collectionzone-filter" class="wowLabel">
                        Find products in your trolley <span class="sr-only">; type here to auto filter your trolley matching entered text</span>
                    </label>
                    <input id="collectionzone-filter" type="search" class="collectionZone-searchInput ng-pristine ng-untouched ng-valid wowInput" ng-model="searchInput.searchFilter" aria-invalid="false">
                </wow-input-container>
                <button class="collectionZone-searchButton" ng-click="::cancelSearch()" oly-move-focus="collectionzone-filter">
                    <!-- ngIf: !searchInput.searchFilter --><i class="icon-search collectionZone-searchIcon" ng-if="!searchInput.searchFilter"></i><!-- end ngIf: !searchInput.searchFilter -->
                    <!-- ngIf: searchInput.searchFilter -->
                    <!-- ngIf: searchInput.searchFilter -->
                </button>
            </div><div class="collectionZone-searchResult ng-hide" ng-show="searchInput.searchFilter" role="status" aria-live="polite" aria-atomic="true">
                (0) Results found for ""
            </div><!-- ngRepeat: message in collectionZoneMessages --><div class="inlineProductGroup--collectionZone ng-hide inlineProductGroup-info" ng-show="items.restrictedItems.length" ng-class="{'inlineProductGroup-info':!searchInput.searchFilter.length}">
                <section role="region" aria-labelledby="restrictedProductsHeader">
                    <h2 class="sr-only" id="restrictedProductsHeader">Restricted Products</h2>
                    <!-- ngIf: !searchInput.searchFilter.length --><div class="inlineProductGroup-infoMessage" ng-if="!searchInput.searchFilter.length">
                        <wow-setting setting-name="RestrictedProductsCollectionZoneInlineMessage" setting-group="ProductRestrictions">These products are not available within selected delivery window</wow-setting>
                        <!-- ngIf: !searchInput.searchFilter.length --><a href="javascript:;" class="inlineProductGroup-infoLink inlineProductGroup--collectionZone-link" ng-click="::changeDeliveryWindow()" ng-if="!searchInput.searchFilter.length">Change delivery window</a><!-- end ngIf: !searchInput.searchFilter.length -->
                    </div><!-- end ngIf: !searchInput.searchFilter.length -->

                    <div class="inlineProductGroup--collectionZone-list inlineProductGroup-infoList" ng-class="{'inlineProductGroup-infoList':!searchInput.searchFilter.length}">
                        <!-- ngRepeat: trolleyItem in items.restrictedItems = (trolley.restrictedProducts | wowCollectionZoneSearch:searchInput.searchFilter) track by trolleyItem.Stockcode -->
                    </div>
                </section>
            </div><div ng-class="{'collectionZone-outOfStock':!searchInput.searchFilter.length}" ng-show="items.outOfStockItems.length" class="ng-hide collectionZone-outOfStock">
                <section role="region" aria-labelledby="notAvailableHeader notAvailableDescription">
                    <h2 class="sr-only" id="notAvailableHeader">Unavailable Products</h2>
                    <!-- ngIf: !searchInput.searchFilter.length --><div class="collectionZone-outOfStock-message" id="notAvailableDescription" ng-if="!searchInput.searchFilter.length">
                        These products are not available <br>
                        from your new delivery location
                        <!-- ngIf: !searchInput.searchFilter.length --><a href="javascript:;" class="collectionZone-outOfStock-message-removeAll" ng-click="removeAllOutOfStock()" ng-if="!searchInput.searchFilter.length">Remove all<span class="sr-only"> out of stock items</span></a><!-- end ngIf: !searchInput.searchFilter.length -->
                    </div><!-- end ngIf: !searchInput.searchFilter.length -->

                    <div ng-class="{'collectionZone-outOfStock-list':!searchInput.searchFilter.length}" class="collectionZone-outOfStock-list">
                        <!-- ngRepeat: trolleyItem in items.outOfStockItems = (trolley.unavailableProducts | wowCollectionZoneSearch:searchInput.searchFilter) track by trolleyItem.Stockcode -->
                    </div>
                </section>
            </div><div class="collectionZone-outOfStock ng-hide" ng-show="DeliveryPassQuantityExceeded" role="status">
                <div class="collectionZone-outOfStock-message">
                    <wow-setting setting-group="DeliveryPass" setting-name="ExceededMaxActiveDeliveryPassesMessage">Ooops you can only have a maximum of 2 active Delivery Savers on your account at any one time.  These will be used consecutively.</wow-setting>.<br>Excessive delivery passes were automatically removed from your trolley.
                    <a href="javascript:;" class="collectionZone-outOfStock-message-removeAll" ng-click="::clearDeliveryPassLimitMessage()">OK, I understand<span class="sr-only">, close message</span></a>
                </div>
            </div><!-- ngIf: !searchInput.searchFilter.length && deliveryService.isDelivery() && !showDeliveryFeeStructure && !addressService.isNonServiced --><!-- ngIf: !searchInput.searchFilter.length && deliveryService.isDelivery() && showDeliveryFeeStructure --><!-- ngIf: isOpen --><!-- ngIf: !isOpen --><section role="region" ng-if="!isOpen" class="">
                <wow-loading-spinner><div class="spinner spinner-circle">
    <div class="spinner-container container1">
        <div class="circle circle1"></div>
        <div class="circle circle2"></div>
        <div class="circle circle3"></div>
        <div class="circle circle4"></div>
    </div>
    <div class="spinner-container container2">
        <div class="circle circle1"></div>
        <div class="circle circle2"></div>
        <div class="circle circle3"></div>
        <div class="circle circle4"></div>
    </div>
    <div class="spinner-container container3">
        <div class="circle circle1"></div>
        <div class="circle circle2"></div>
        <div class="circle circle3"></div>
        <div class="circle circle4"></div>
    </div>
</div>

<!-- ngIf: shouldAnnounce --></wow-loading-spinner>
            </section><!-- end ngIf: !isOpen --></div>
            <!--NG IF - HIDE IF FAIL TO GET REDEEMABLE POINTS FROM LMS-->
            
            
            

            

            
            
            

            

            

            

            
            

            
<div class="wowScrollbar is-notScrollable"><div class="wowScrollbar-indicator" style="height: 370px;"></div></div></div>
    </div>
</div><!-- end ngIf: !orderManagementPanel.isShowing --></wow-collection-zone><!-- ngIf: !shopper.IsGuest --></div>
        </ng-transclude></aside>
    </div>
</div>

    <div class="angulax-popup ng-hide" ng-show="wow.angulax.isPopup" hidden="">
        <div id="popup-mask">
        </div>
        <div id="popup-panel-frame" class="inside">
            <div id="popup-panel-close">
                <a title="Close" ng-click="wow.dismissPopup();">
                    <img alt="Close" height="30" src="/Images/Popup/btn-popup-close-ww.png" width="30">
                </a>
            </div>
        </div>
    </div>

    <wow-loading-indicator><!-- ngIf: loading._isLoading --><!-- ngIf: loading._isMasked --></wow-loading-indicator>

    <!-- #region Scripts -->

    <script>
        window.wowIsDebuggingEnabled = false;
        window.wowBootstrap = {"ListCategoriesRequest":[{"Name":"Fruit & Veg","UrlFriendlyName":"fruit-veg","Color":"#ffffff","TextColor":"#373737","NumberColor":"#929292","IconFile":"/Content/wowAisleImages/fruit-veg.svg","ChildCategories":[{"Name":"fresh fruit","UrlFriendlyName":"fresh-fruit","ImageFile":"fresh-fruit.jpg","ProductCount":0,"IsRestricted":false},{"Name":"fresh veg","UrlFriendlyName":"fresh-veg","ImageFile":"fresh-veg.jpg","ProductCount":0,"IsRestricted":false},{"Name":"organic fresh fruit & veg","UrlFriendlyName":"organic-fresh-fruit-veg","ImageFile":"organic-fresh-fruit-veg.jpg","ProductCount":0,"IsRestricted":false},{"Name":"fresh salad & stir fry","UrlFriendlyName":"fresh-salad-stir-fry","ImageFile":"fresh-salad-stir-fry.jpg","ProductCount":0,"IsRestricted":false},{"Name":"fresh herbs","UrlFriendlyName":"fresh-herbs","ImageFile":"fresh-herbs.jpg","ProductCount":0,"IsRestricted":false}]},{"Name":"Christmas","UrlFriendlyName":"christmas","Color":"#ffffff","TextColor":"#373737","NumberColor":"#929292","IconFile":"/Content/wowAisleImages/christmas.svg","ChildCategories":[{"Name":"Christmas Bakery","UrlFriendlyName":"christmas-bakery","ImageFile":"christmas-bakery.jpg","ProductCount":0,"IsRestricted":false},{"Name":"Christmas Deli","UrlFriendlyName":"christmas-deli","ImageFile":"christmas-deli.jpg","ProductCount":0,"IsRestricted":false},{"Name":"Christmas Meat & Seafood","UrlFriendlyName":"christmas-meat-seafood","ImageFile":"christmas-meat-seafood.jpg","ProductCount":0,"IsRestricted":false},{"Name":"Christmas Desserts","UrlFriendlyName":"christmas-desserts","ImageFile":"christmas-desserts.jpg","ProductCount":0,"IsRestricted":false},{"Name":"Christmas Baking","UrlFriendlyName":"christmas-baking","ImageFile":"christmas-baking.jpg","ProductCount":0,"IsRestricted":false},{"Name":"Christmas Beer, Wine & Spirits","UrlFriendlyName":"christmas-beer-wine-spirits","ImageFile":"christmas-beer-wine-spirits.jpg","ProductCount":0,"IsRestricted":false},{"Name":"Christmas Cookware & Kitchen","UrlFriendlyName":"christmas-cookware-kitchen","ImageFile":"christmas-cookware-kitchen.jpg","ProductCount":0,"IsRestricted":false},{"Name":"Christmas Tableware","UrlFriendlyName":"christmas-tableware","ImageFile":"christmas-tableware.jpg","ProductCount":0,"IsRestricted":false},{"Name":"Christmas Confectionery & Snacks","UrlFriendlyName":"christmas-confectionery-snacks","ImageFile":"christmas-confectionery-snacks.jpg","ProductCount":0,"IsRestricted":false},{"Name":"Christmas Gifts & Toys","UrlFriendlyName":"christmas-gifts-toys","ImageFile":"christmas-gifts-toys.jpg","ProductCount":0,"IsRestricted":false},{"Name":"Christmas Top Sellers","UrlFriendlyName":"christmas-top-sellers","ImageFile":"christmas-top-sellers.jpg","ProductCount":0,"IsRestricted":false},{"Name":"Christmas Cards, Wrap & Bags","UrlFriendlyName":"christmas-cards-wrap-bags","ImageFile":"christmas-cards-wrap-bags.jpg","ProductCount":0,"IsRestricted":false},{"Name":"Christmas Decorations","UrlFriendlyName":"christmas-decorations","ImageFile":"christmas-decorations.jpg","ProductCount":0,"IsRestricted":false},{"Name":"halloween","UrlFriendlyName":"halloween","ImageFile":"halloween.jpg","ProductCount":0,"IsRestricted":false}]},{"Name":"Bakery","UrlFriendlyName":"bakery","Color":"#ffffff","TextColor":"#373737","NumberColor":"#929292","IconFile":"/Content/wowAisleImages/bakery.svg","ChildCategories":[{"Name":"in-store bakery","UrlFriendlyName":"in-store-bakery","ImageFile":"in-store-bakery.jpg","ProductCount":0,"IsRestricted":false},{"Name":"white & wholemeal bread","UrlFriendlyName":"white-wholemeal-bread","ImageFile":"white-wholemeal-bread.jpg","ProductCount":0,"IsRestricted":false},{"Name":"grain & rye bread","UrlFriendlyName":"grain-rye-bread","ImageFile":"grain-rye-bread.jpg","ProductCount":0,"IsRestricted":false},{"Name":"gluten free bread","UrlFriendlyName":"gluten-free-bread","ImageFile":"gluten-free-bread.jpg","ProductCount":0,"IsRestricted":false},{"Name":"sourdough & specialty bread","UrlFriendlyName":"sourdough-specialty-bread","ImageFile":"sourdough-specialty-bread.jpg","ProductCount":0,"IsRestricted":false},{"Name":"rolls, wraps & flatbreads","UrlFriendlyName":"rolls-wraps-flatbreads","ImageFile":"rolls-wraps-flatbreads.jpg","ProductCount":0,"IsRestricted":false},{"Name":"fruit bread","UrlFriendlyName":"fruit-bread","ImageFile":"fruit-bread.jpg","ProductCount":0,"IsRestricted":false},{"Name":"baked snacks & sweets","UrlFriendlyName":"baked-snacks-sweets","ImageFile":"baked-snacks-sweets.jpg","ProductCount":0,"IsRestricted":false},{"Name":"pastries","UrlFriendlyName":"pastries","ImageFile":"pastries.jpg","ProductCount":0,"IsRestricted":false}]},{"Name":"Meat, Seafood & Deli","UrlFriendlyName":"meat-seafood-deli","Color":"#ffffff","TextColor":"#373737","NumberColor":"#929292","IconFile":"/Content/wowAisleImages/meat-seafood-deli.svg","ChildCategories":[{"Name":"beef & veal","UrlFriendlyName":"beef-veal","ImageFile":"beef-veal.jpg","ProductCount":0,"IsRestricted":false},{"Name":"mince","UrlFriendlyName":"mince","ImageFile":"mince.jpg","ProductCount":0,"IsRestricted":false},{"Name":"sausages, burgers & rissoles","UrlFriendlyName":"sausages-burgers-rissoles","ImageFile":"sausages-burgers-rissoles.jpg","ProductCount":0,"IsRestricted":false},{"Name":"chicken","UrlFriendlyName":"chicken","ImageFile":"chicken.jpg","ProductCount":0,"IsRestricted":false},{"Name":"specialty poultry & game","UrlFriendlyName":"specialty-poultry-game","ImageFile":"specialty-poultry-game.jpg","ProductCount":0,"IsRestricted":false},{"Name":"lamb","UrlFriendlyName":"lamb","ImageFile":"lamb.jpg","ProductCount":0,"IsRestricted":false},{"Name":"pork & ham","UrlFriendlyName":"pork-ham","ImageFile":"pork-ham.jpg","ProductCount":0,"IsRestricted":false},{"Name":"organic meat","UrlFriendlyName":"organic-meat","ImageFile":"organic-meat.jpg","ProductCount":0,"IsRestricted":false},{"Name":"fresh seafood","UrlFriendlyName":"fresh-seafood","ImageFile":"fresh-seafood.jpg","ProductCount":0,"IsRestricted":false},{"Name":"chilled seafood","UrlFriendlyName":"chilled-seafood","ImageFile":"chilled-seafood.jpg","ProductCount":0,"IsRestricted":false},{"Name":"frozen & thawed seafood","UrlFriendlyName":"frozen-thawed-seafood","ImageFile":"frozen-thawed-seafood.jpg","ProductCount":0,"IsRestricted":false},{"Name":"bacon","UrlFriendlyName":"bacon","ImageFile":"bacon.jpg","ProductCount":0,"IsRestricted":false},{"Name":"sliced & shaved meat","UrlFriendlyName":"sliced-shaved-meat","ImageFile":"sliced-shaved-meat.jpg","ProductCount":0,"IsRestricted":false},{"Name":"continental & cured meat","UrlFriendlyName":"continental-cured-meat","ImageFile":"continental-cured-meat.jpg","ProductCount":0,"IsRestricted":false},{"Name":"deli beef, veal & pork","UrlFriendlyName":"deli-beef-veal-pork","ImageFile":"deli-beef-veal-pork.jpg","ProductCount":0,"IsRestricted":false},{"Name":"deli & packaged sausage","UrlFriendlyName":"deli-packaged-sausage","ImageFile":"deli-packaged-sausage.jpg","ProductCount":0,"IsRestricted":false},{"Name":"deli poultry","UrlFriendlyName":"deli-poultry","ImageFile":"deli-poultry.jpg","ProductCount":0,"IsRestricted":false},{"Name":"deli ready to heat","UrlFriendlyName":"deli-ready-to-heat","ImageFile":"deli-ready-to-heat.jpg","ProductCount":0,"IsRestricted":false},{"Name":"fresh antipasto","UrlFriendlyName":"fresh-antipasto","ImageFile":"fresh-antipasto.jpg","ProductCount":0,"IsRestricted":false},{"Name":"olives","UrlFriendlyName":"olives","ImageFile":"olives.jpg","ProductCount":0,"IsRestricted":false}]},{"Name":"Eggs, Dairy & Fridge","UrlFriendlyName":"eggs-dairy-fridge","Color":"#ffffff","TextColor":"#373737","NumberColor":"#929292","IconFile":"/Content/wowAisleImages/eggs-dairy-fridge.svg","ChildCategories":[{"Name":"eggs","UrlFriendlyName":"eggs","ImageFile":"eggs.jpg","ProductCount":0,"IsRestricted":false},{"Name":"full cream milk","UrlFriendlyName":"full-cream-milk","ImageFile":"full-cream-milk.jpg","ProductCount":0,"IsRestricted":false},{"Name":"skim & reduced fat milk","UrlFriendlyName":"skim-reduced-fat-milk","ImageFile":"skim-reduced-fat-milk.jpg","ProductCount":0,"IsRestricted":false},{"Name":"soy & specialty milk","UrlFriendlyName":"soy-specialty-milk","ImageFile":"soy-specialty-milk.jpg","ProductCount":0,"IsRestricted":false},{"Name":"flavoured milk","UrlFriendlyName":"flavoured-milk","ImageFile":"flavoured-milk.jpg","ProductCount":0,"IsRestricted":false},{"Name":"greek & natural yoghurt","UrlFriendlyName":"greek-natural-yoghurt","ImageFile":"greek-natural-yoghurt.jpg","ProductCount":0,"IsRestricted":false},{"Name":"flavoured yoghurt","UrlFriendlyName":"flavoured-yoghurt","ImageFile":"flavoured-yoghurt.jpg","ProductCount":0,"IsRestricted":false},{"Name":"low & no fat yoghurt","UrlFriendlyName":"low-no-fat-yoghurt","ImageFile":"low-no-fat-yoghurt.jpg","ProductCount":0,"IsRestricted":false},{"Name":"baby & kids yoghurt","UrlFriendlyName":"baby-kids-yoghurt","ImageFile":"baby-kids-yoghurt.jpg","ProductCount":0,"IsRestricted":false},{"Name":"chilled custard & dessert","UrlFriendlyName":"chilled-custard-dessert","ImageFile":"chilled-custard-dessert.jpg","ProductCount":0,"IsRestricted":false},{"Name":"cream & sour cream","UrlFriendlyName":"cream-sour-cream","ImageFile":"cream-sour-cream.jpg","ProductCount":0,"IsRestricted":false},{"Name":"chilled baking","UrlFriendlyName":"chilled-baking","ImageFile":"chilled-baking.jpg","ProductCount":0,"IsRestricted":false},{"Name":"chilled soup","UrlFriendlyName":"chilled-soup","ImageFile":"chilled-soup.jpg","ProductCount":0,"IsRestricted":false},{"Name":"chilled ready meals","UrlFriendlyName":"chilled-ready-meals","ImageFile":"chilled-ready-meals.jpg","ProductCount":0,"IsRestricted":false},{"Name":"fresh pasta & noodles","UrlFriendlyName":"fresh-pasta-noodles","ImageFile":"fresh-pasta-noodles.jpg","ProductCount":0,"IsRestricted":false},{"Name":"chilled pizza & bread","UrlFriendlyName":"chilled-pizza-bread","ImageFile":"chilled-pizza-bread.jpg","ProductCount":0,"IsRestricted":false},{"Name":"tofu","UrlFriendlyName":"tofu","ImageFile":"tofu.jpg","ProductCount":0,"IsRestricted":false},{"Name":"packaged salads & sides","UrlFriendlyName":"packaged-salads-sides","ImageFile":"packaged-salads-sides.jpg","ProductCount":0,"IsRestricted":false},{"Name":"butter & margarine","UrlFriendlyName":"butter-margarine","ImageFile":"butter-margarine.jpg","ProductCount":0,"IsRestricted":false},{"Name":"cooking blocks & fat","UrlFriendlyName":"cooking-blocks-fat","ImageFile":"cooking-blocks-fat.jpg","ProductCount":0,"IsRestricted":false},{"Name":"block cheese","UrlFriendlyName":"block-cheese","ImageFile":"block-cheese.jpg","ProductCount":0,"IsRestricted":false},{"Name":"sliced cheese","UrlFriendlyName":"sliced-cheese","ImageFile":"sliced-cheese.jpg","ProductCount":0,"IsRestricted":false},{"Name":"grated cheese","UrlFriendlyName":"grated-cheese","ImageFile":"grated-cheese.jpg","ProductCount":0,"IsRestricted":false},{"Name":"fetta & goats cheese","UrlFriendlyName":"fetta-goats-cheese","ImageFile":"fetta-goats-cheese.jpg","ProductCount":0,"IsRestricted":false},{"Name":"parmesan & italian cheese","UrlFriendlyName":"parmesan-italian-cheese","ImageFile":"parmesan-italian-cheese.jpg","ProductCount":0,"IsRestricted":false},{"Name":"cottage, cream & ricotta cheese","UrlFriendlyName":"cottage-cream-ricotta-cheese","ImageFile":"cottage-cream-ricotta-cheese.jpg","ProductCount":0,"IsRestricted":false},{"Name":"soft cheese","UrlFriendlyName":"soft-cheese","ImageFile":"soft-cheese.jpg","ProductCount":0,"IsRestricted":false},{"Name":"firm cheese","UrlFriendlyName":"firm-cheese","ImageFile":"firm-cheese.jpg","ProductCount":0,"IsRestricted":false},{"Name":"specialty cheese","UrlFriendlyName":"specialty-cheese","ImageFile":"specialty-cheese.jpg","ProductCount":0,"IsRestricted":false},{"Name":"cheese snacks","UrlFriendlyName":"cheese-snacks","ImageFile":"cheese-snacks.jpg","ProductCount":0,"IsRestricted":false},{"Name":"dip","UrlFriendlyName":"dip","ImageFile":"dip.jpg","ProductCount":0,"IsRestricted":false},{"Name":"pate, paste & caviar","UrlFriendlyName":"pate-paste-caviar","ImageFile":"pate-paste-caviar.jpg","ProductCount":0,"IsRestricted":false}]},{"Name":"Pantry, International & Health \nFood","UrlFriendlyName":"pantry-international-health-food","Color":"#ffffff","TextColor":"#373737","NumberColor":"#929292","IconFile":"/Content/wowAisleImages/pantry-international-health-food.svg","ChildCategories":[{"Name":"olive oil","UrlFriendlyName":"olive-oil","ImageFile":"olive-oil.jpg","ProductCount":0,"IsRestricted":false},{"Name":"cooking oil","UrlFriendlyName":"cooking-oil","ImageFile":"cooking-oil.jpg","ProductCount":0,"IsRestricted":false},{"Name":"breadcrumbs & coating","UrlFriendlyName":"breadcrumbs-coating","ImageFile":"breadcrumbs-coating.jpg","ProductCount":0,"IsRestricted":false},{"Name":"salt & pepper","UrlFriendlyName":"salt-pepper","ImageFile":"salt-pepper.jpg","ProductCount":0,"IsRestricted":false},{"Name":"herbs & spices a-k","UrlFriendlyName":"herbs-spices-a-k","ImageFile":"herbs-spices-a-k.jpg","ProductCount":0,"IsRestricted":false},{"Name":"herbs & spices l-z","UrlFriendlyName":"herbs-spices-l-z","ImageFile":"herbs-spices-l-z.jpg","ProductCount":0,"IsRestricted":false},{"Name":"canned soup","UrlFriendlyName":"canned-soup","ImageFile":"canned-soup.jpg","ProductCount":0,"IsRestricted":false},{"Name":"instant soup","UrlFriendlyName":"instant-soup","ImageFile":"instant-soup.jpg","ProductCount":0,"IsRestricted":false},{"Name":"microwave & pouch soup","UrlFriendlyName":"microwave-pouch-soup","ImageFile":"microwave-pouch-soup.jpg","ProductCount":0,"IsRestricted":false},{"Name":"baked beans & spaghetti","UrlFriendlyName":"baked-beans-spaghetti","ImageFile":"baked-beans-spaghetti.jpg","ProductCount":0,"IsRestricted":false},{"Name":"canned & packet ready meals","UrlFriendlyName":"canned-packet-ready-meals","ImageFile":"canned-packet-ready-meals.jpg","ProductCount":0,"IsRestricted":false},{"Name":"canned & packet vegetables","UrlFriendlyName":"canned-packet-vegetables","ImageFile":"canned-packet-vegetables.jpg","ProductCount":0,"IsRestricted":false},{"Name":"antipasto","UrlFriendlyName":"antipasto","ImageFile":"antipasto.jpg","ProductCount":0,"IsRestricted":false},{"Name":"pickled vegetables","UrlFriendlyName":"pickled-vegetables","ImageFile":"pickled-vegetables.jpg","ProductCount":0,"IsRestricted":false},{"Name":"canned beans, peas & corn","UrlFriendlyName":"canned-beans-peas-corn","ImageFile":"canned-beans-peas-corn.jpg","ProductCount":0,"IsRestricted":false},{"Name":"canned tomatoes","UrlFriendlyName":"canned-tomatoes","ImageFile":"canned-tomatoes.jpg","ProductCount":0,"IsRestricted":false},{"Name":"canned tuna","UrlFriendlyName":"canned-tuna","ImageFile":"canned-tuna.jpg","ProductCount":0,"IsRestricted":false},{"Name":"canned salmon & canned seafood","UrlFriendlyName":"canned-salmon-canned-seafood","ImageFile":"canned-salmon-canned-seafood.jpg","ProductCount":0,"IsRestricted":false},{"Name":"canned meat","UrlFriendlyName":"canned-meat","ImageFile":"canned-meat.jpg","ProductCount":0,"IsRestricted":false},{"Name":"canned fruit","UrlFriendlyName":"canned-fruit","ImageFile":"canned-fruit.jpg","ProductCount":0,"IsRestricted":false},{"Name":"canned fruit salad & fruit puree","UrlFriendlyName":"canned-fruit-salad-fruit-puree","ImageFile":"canned-fruit-salad-fruit-puree.jpg","ProductCount":0,"IsRestricted":false},{"Name":"canned stone fruit","UrlFriendlyName":"canned-stone-fruit","ImageFile":"canned-stone-fruit.jpg","ProductCount":0,"IsRestricted":false},{"Name":"recipe bases","UrlFriendlyName":"recipe-bases","ImageFile":"recipe-bases.jpg","ProductCount":0,"IsRestricted":false},{"Name":"marinade & simmer sauce","UrlFriendlyName":"marinade-simmer-sauce","ImageFile":"marinade-simmer-sauce.jpg","ProductCount":0,"IsRestricted":false},{"Name":"stock","UrlFriendlyName":"stock","ImageFile":"stock.jpg","ProductCount":0,"IsRestricted":false},{"Name":"gravy & finishing sauce","UrlFriendlyName":"gravy-finishing-sauce","ImageFile":"gravy-finishing-sauce.jpg","ProductCount":0,"IsRestricted":false},{"Name":"salad dressing & vinegar","UrlFriendlyName":"salad-dressing-vinegar","ImageFile":"salad-dressing-vinegar.jpg","ProductCount":0,"IsRestricted":false},{"Name":"mustard","UrlFriendlyName":"mustard","ImageFile":"mustard.jpg","ProductCount":0,"IsRestricted":false},{"Name":"mayonnaise","UrlFriendlyName":"mayonnaise","ImageFile":"mayonnaise.jpg","ProductCount":0,"IsRestricted":false},{"Name":"meat, seafood & veg sauce","UrlFriendlyName":"meat-seafood-veg-sauce","ImageFile":"meat-seafood-veg-sauce.jpg","ProductCount":0,"IsRestricted":false},{"Name":"chutney & relish","UrlFriendlyName":"chutney-relish","ImageFile":"chutney-relish.jpg","ProductCount":0,"IsRestricted":false},{"Name":"chilli & hot sauce","UrlFriendlyName":"chilli-hot-sauce","ImageFile":"chilli-hot-sauce.jpg","ProductCount":0,"IsRestricted":false},{"Name":"asian sauce","UrlFriendlyName":"asian-sauce","ImageFile":"asian-sauce.jpg","ProductCount":0,"IsRestricted":false},{"Name":"tomato & bbq sauce","UrlFriendlyName":"tomato-bbq-sauce","ImageFile":"tomato-bbq-sauce.jpg","ProductCount":0,"IsRestricted":false},{"Name":"tomato paste","UrlFriendlyName":"tomato-paste","ImageFile":"tomato-paste.jpg","ProductCount":0,"IsRestricted":false},{"Name":"pasta sauce & pesto","UrlFriendlyName":"pasta-sauce-pesto","ImageFile":"pasta-sauce-pesto.jpg","ProductCount":0,"IsRestricted":false},{"Name":"long strand pasta","UrlFriendlyName":"long-strand-pasta","ImageFile":"long-strand-pasta.jpg","ProductCount":0,"IsRestricted":false},{"Name":"shaped pasta","UrlFriendlyName":"shaped-pasta","ImageFile":"shaped-pasta.jpg","ProductCount":0,"IsRestricted":false},{"Name":"pasta sheets","UrlFriendlyName":"pasta-sheets","ImageFile":"pasta-sheets.jpg","ProductCount":0,"IsRestricted":false},{"Name":"cous cous & quinoa","UrlFriendlyName":"cous-cous-quinoa","ImageFile":"cous-cous-quinoa.jpg","ProductCount":0,"IsRestricted":false},{"Name":"rice","UrlFriendlyName":"rice","ImageFile":"rice.jpg","ProductCount":0,"IsRestricted":false},{"Name":"packet noodles","UrlFriendlyName":"packet-noodles","ImageFile":"packet-noodles.jpg","ProductCount":0,"IsRestricted":false},{"Name":"asian food","UrlFriendlyName":"asian-food","ImageFile":"asian-food.jpg","ProductCount":0,"IsRestricted":false},{"Name":"european food","UrlFriendlyName":"european-food","ImageFile":"european-food.jpg","ProductCount":0,"IsRestricted":false},{"Name":"indian food","UrlFriendlyName":"indian-food","ImageFile":"indian-food.jpg","ProductCount":0,"IsRestricted":false},{"Name":"mexican food","UrlFriendlyName":"mexican-food","ImageFile":"mexican-food.jpg","ProductCount":0,"IsRestricted":false},{"Name":"middle eastern food","UrlFriendlyName":"middle-eastern-food","ImageFile":"middle-eastern-food.jpg","ProductCount":0,"IsRestricted":false},{"Name":"british & irish food","UrlFriendlyName":"british-irish-food","ImageFile":"british-irish-food.jpg","ProductCount":0,"IsRestricted":false},{"Name":"south african food","UrlFriendlyName":"south-african-food","ImageFile":"south-african-food.jpg","ProductCount":0,"IsRestricted":false},{"Name":"health packaged gluten free","UrlFriendlyName":"health-packaged-gluten-free","ImageFile":"health-packaged-gluten-free.jpg","ProductCount":0,"IsRestricted":false},{"Name":"health packaged vegetarian","UrlFriendlyName":"health-packaged-vegetarian","ImageFile":"health-packaged-vegetarian.jpg","ProductCount":0,"IsRestricted":false},{"Name":"health cooking & pasta","UrlFriendlyName":"health-cooking-pasta","ImageFile":"health-cooking-pasta.jpg","ProductCount":0,"IsRestricted":false},{"Name":"health fruit, nuts, grains & seeds","UrlFriendlyName":"health-fruit-nuts-grains-seeds","ImageFile":"health-fruit-nuts-grains-seeds.jpg","ProductCount":0,"IsRestricted":false},{"Name":"health breakfast food & spread","UrlFriendlyName":"health-breakfast-food-spread","ImageFile":"health-breakfast-food-spread.jpg","ProductCount":0,"IsRestricted":false},{"Name":"health baking & sweetener","UrlFriendlyName":"health-baking-sweetener","ImageFile":"health-baking-sweetener.jpg","ProductCount":0,"IsRestricted":false},{"Name":"health snacks & drinks","UrlFriendlyName":"health-snacks-drinks","ImageFile":"health-snacks-drinks.jpg","ProductCount":0,"IsRestricted":false},{"Name":"healthy bites","UrlFriendlyName":"healthy-bites","ImageFile":"healthy-bites.jpg","ProductCount":0,"IsRestricted":false}]},{"Name":"Spreads, Breakfast, Baking \n& Desserts","UrlFriendlyName":"spreads-breakfast-baking-desserts","Color":"#ffffff","TextColor":"#373737","NumberColor":"#929292","IconFile":"/Content/wowAisleImages/spreads-breakfast-baking-desserts.svg","ChildCategories":[{"Name":"honey","UrlFriendlyName":"honey","ImageFile":"honey.jpg","ProductCount":0,"IsRestricted":false},{"Name":"jam","UrlFriendlyName":"jam","ImageFile":"jam.jpg","ProductCount":0,"IsRestricted":false},{"Name":"peanut butter","UrlFriendlyName":"peanut-butter","ImageFile":"peanut-butter.jpg","ProductCount":0,"IsRestricted":false},{"Name":"savoury spread","UrlFriendlyName":"savoury-spread","ImageFile":"savoury-spread.jpg","ProductCount":0,"IsRestricted":false},{"Name":"sweet spread","UrlFriendlyName":"sweet-spread","ImageFile":"sweet-spread.jpg","ProductCount":0,"IsRestricted":false},{"Name":"breakfast cereal","UrlFriendlyName":"breakfast-cereal","ImageFile":"breakfast-cereal.jpg","ProductCount":0,"IsRestricted":false},{"Name":"muesli & oats","UrlFriendlyName":"muesli-oats","ImageFile":"muesli-oats.jpg","ProductCount":0,"IsRestricted":false},{"Name":"breakfast snacks & drinks","UrlFriendlyName":"breakfast-snacks-drinks","ImageFile":"breakfast-snacks-drinks.jpg","ProductCount":0,"IsRestricted":false},{"Name":"pancake & bread mix","UrlFriendlyName":"pancake-bread-mix","ImageFile":"pancake-bread-mix.jpg","ProductCount":0,"IsRestricted":false},{"Name":"dried fruit","UrlFriendlyName":"dried-fruit","ImageFile":"dried-fruit.jpg","ProductCount":0,"IsRestricted":false},{"Name":"baking nuts & seeds","UrlFriendlyName":"baking-nuts-seeds","ImageFile":"baking-nuts-seeds.jpg","ProductCount":0,"IsRestricted":false},{"Name":"sugar & sweetener","UrlFriendlyName":"sugar-sweetener","ImageFile":"sugar-sweetener.jpg","ProductCount":0,"IsRestricted":false},{"Name":"flour","UrlFriendlyName":"flour","ImageFile":"flour.jpg","ProductCount":0,"IsRestricted":false},{"Name":"baking ingredients","UrlFriendlyName":"baking-ingredients","ImageFile":"baking-ingredients.jpg","ProductCount":0,"IsRestricted":false},{"Name":"cake mix","UrlFriendlyName":"cake-mix","ImageFile":"cake-mix.jpg","ProductCount":0,"IsRestricted":false},{"Name":"baking flavour, colour & decoration","UrlFriendlyName":"baking-flavour-colour-decoration","ImageFile":"baking-flavour-colour-decoration.jpg","ProductCount":0,"IsRestricted":false},{"Name":"icing, frosting & cooking chocolate","UrlFriendlyName":"icing-frosting-cooking-chocolate","ImageFile":"icing-frosting-cooking-chocolate.jpg","ProductCount":0,"IsRestricted":false},{"Name":"bakeware","UrlFriendlyName":"bakeware","ImageFile":"bakeware.jpg","ProductCount":0,"IsRestricted":false},{"Name":"ice cream cones & wafers","UrlFriendlyName":"ice-cream-cones-wafers","ImageFile":"ice-cream-cones-wafers.jpg","ProductCount":0,"IsRestricted":false},{"Name":"syrup, topping & ice cream mix","UrlFriendlyName":"syrup-topping-ice-cream-mix","ImageFile":"syrup-topping-ice-cream-mix.jpg","ProductCount":0,"IsRestricted":false},{"Name":"ready to freeze ice blocks","UrlFriendlyName":"ready-to-freeze-ice-blocks","ImageFile":"ready-to-freeze-ice-blocks.jpg","ProductCount":0,"IsRestricted":false},{"Name":"jelly & dessert fruit","UrlFriendlyName":"jelly-dessert-fruit","ImageFile":"jelly-dessert-fruit.jpg","ProductCount":0,"IsRestricted":false},{"Name":"packaged custard & pudding","UrlFriendlyName":"packaged-custard-pudding","ImageFile":"packaged-custard-pudding.jpg","ProductCount":0,"IsRestricted":false}]},{"Name":"Confectionery, Snacks & Drinks","UrlFriendlyName":"confectionery-snacks-drinks","Color":"#ffffff","TextColor":"#373737","NumberColor":"#929292","IconFile":"/Content/wowAisleImages/confectionery-snacks-drinks.svg","ChildCategories":[{"Name":"chocolate bars","UrlFriendlyName":"chocolate-bars","ImageFile":"chocolate-bars.jpg","ProductCount":0,"IsRestricted":false},{"Name":"chocolate blocks","UrlFriendlyName":"chocolate-blocks","ImageFile":"chocolate-blocks.jpg","ProductCount":0,"IsRestricted":false},{"Name":"chocolate share packs","UrlFriendlyName":"chocolate-share-packs","ImageFile":"chocolate-share-packs.jpg","ProductCount":0,"IsRestricted":false},{"Name":"chocolate boxes & gifts","UrlFriendlyName":"chocolate-boxes-gifts","ImageFile":"chocolate-boxes-gifts.jpg","ProductCount":0,"IsRestricted":false},{"Name":"sweets, lollies & licorice","UrlFriendlyName":"sweets-lollies-licorice","ImageFile":"sweets-lollies-licorice.jpg","ProductCount":0,"IsRestricted":false},{"Name":"gum & mints","UrlFriendlyName":"gum-mints","ImageFile":"gum-mints.jpg","ProductCount":0,"IsRestricted":false},{"Name":"plain & sweet biscuits","UrlFriendlyName":"plain-sweet-biscuits","ImageFile":"plain-sweet-biscuits.jpg","ProductCount":0,"IsRestricted":false},{"Name":"chips single & entertaining packs","UrlFriendlyName":"chips-single-entertaining-packs","ImageFile":"chips-single-entertaining-packs.jpg","ProductCount":0,"IsRestricted":false},{"Name":"chips multi pack","UrlFriendlyName":"chips-multi-pack","ImageFile":"chips-multi-pack.jpg","ProductCount":0,"IsRestricted":false},{"Name":"corn chips & salsa","UrlFriendlyName":"corn-chips-salsa","ImageFile":"corn-chips-salsa.jpg","ProductCount":0,"IsRestricted":false},{"Name":"crispbreads & rice cakes","UrlFriendlyName":"crispbreads-rice-cakes","ImageFile":"crispbreads-rice-cakes.jpg","ProductCount":0,"IsRestricted":false},{"Name":"crackers","UrlFriendlyName":"crackers","ImageFile":"crackers.jpg","ProductCount":0,"IsRestricted":false},{"Name":"popcorn","UrlFriendlyName":"popcorn","ImageFile":"popcorn.jpg","ProductCount":0,"IsRestricted":false},{"Name":"muesli bars","UrlFriendlyName":"muesli-bars","ImageFile":"muesli-bars.jpg","ProductCount":0,"IsRestricted":false},{"Name":"nuts & snack pots","UrlFriendlyName":"nuts-snack-pots","ImageFile":"nuts-snack-pots.jpg","ProductCount":0,"IsRestricted":false},{"Name":"long life milk","UrlFriendlyName":"long-life-milk","ImageFile":"long-life-milk.jpg","ProductCount":0,"IsRestricted":false},{"Name":"milk flavouring","UrlFriendlyName":"milk-flavouring","ImageFile":"milk-flavouring.jpg","ProductCount":0,"IsRestricted":false},{"Name":"coffee beans","UrlFriendlyName":"coffee-beans","ImageFile":"coffee-beans.jpg","ProductCount":0,"IsRestricted":false},{"Name":"ground coffee","UrlFriendlyName":"ground-coffee","ImageFile":"ground-coffee.jpg","ProductCount":0,"IsRestricted":false},{"Name":"coffee capsules","UrlFriendlyName":"coffee-capsules","ImageFile":"coffee-capsules.jpg","ProductCount":0,"IsRestricted":false},{"Name":"coffee equipment","UrlFriendlyName":"coffee-equipment","ImageFile":"coffee-equipment.jpg","ProductCount":0,"IsRestricted":false},{"Name":"instant & flavoured coffee","UrlFriendlyName":"instant-flavoured-coffee","ImageFile":"instant-flavoured-coffee.jpg","ProductCount":0,"IsRestricted":false},{"Name":"black tea","UrlFriendlyName":"black-tea","ImageFile":"black-tea.jpg","ProductCount":0,"IsRestricted":false},{"Name":"green tea","UrlFriendlyName":"green-tea","ImageFile":"green-tea.jpg","ProductCount":0,"IsRestricted":false},{"Name":"herbal & specialty tea","UrlFriendlyName":"herbal-specialty-tea","ImageFile":"herbal-specialty-tea.jpg","ProductCount":0,"IsRestricted":false},{"Name":"ice tea","UrlFriendlyName":"ice-tea","ImageFile":"ice-tea.jpg","ProductCount":0,"IsRestricted":false},{"Name":"juice","UrlFriendlyName":"juice","ImageFile":"juice.jpg","ProductCount":0,"IsRestricted":false},{"Name":"chilled juice","UrlFriendlyName":"chilled-juice","ImageFile":"chilled-juice.jpg","ProductCount":0,"IsRestricted":false},{"Name":"lunch box juice","UrlFriendlyName":"lunch-box-juice","ImageFile":"lunch-box-juice.jpg","ProductCount":0,"IsRestricted":false},{"Name":"lunch box snacks","UrlFriendlyName":"lunch-box-snacks","ImageFile":"lunch-box-snacks.jpg","ProductCount":0,"IsRestricted":false},{"Name":"cordial","UrlFriendlyName":"cordial","ImageFile":"cordial.jpg","ProductCount":0,"IsRestricted":false},{"Name":"soft drink cans","UrlFriendlyName":"soft-drink-cans","ImageFile":"soft-drink-cans.jpg","ProductCount":0,"IsRestricted":false},{"Name":"soft drink bottles","UrlFriendlyName":"soft-drink-bottles","ImageFile":"soft-drink-bottles.jpg","ProductCount":0,"IsRestricted":false},{"Name":"energy drinks","UrlFriendlyName":"energy-drinks","ImageFile":"energy-drinks.jpg","ProductCount":0,"IsRestricted":false},{"Name":"sports drinks","UrlFriendlyName":"sports-drinks","ImageFile":"sports-drinks.jpg","ProductCount":0,"IsRestricted":false},{"Name":"flavoured & coconut water","UrlFriendlyName":"flavoured-coconut-water","ImageFile":"flavoured-coconut-water.jpg","ProductCount":0,"IsRestricted":false},{"Name":"still water","UrlFriendlyName":"still-water","ImageFile":"still-water.jpg","ProductCount":0,"IsRestricted":false},{"Name":"carbonated water","UrlFriendlyName":"carbonated-water","ImageFile":"carbonated-water.jpg","ProductCount":0,"IsRestricted":false},{"Name":"home brew & non alcoholic drinks","UrlFriendlyName":"home-brew-non-alcoholic-drinks","ImageFile":"home-brew-non-alcoholic-drinks.jpg","ProductCount":0,"IsRestricted":false}]},{"Name":"Freezer","UrlFriendlyName":"freezer","Color":"#ffffff","TextColor":"#373737","NumberColor":"#929292","IconFile":"/Content/wowAisleImages/freezer.svg","ChildCategories":[{"Name":"frozen meals","UrlFriendlyName":"frozen-meals","ImageFile":"frozen-meals.jpg","ProductCount":0,"IsRestricted":false},{"Name":"frozen weight management meals","UrlFriendlyName":"frozen-weight-management-meals","ImageFile":"frozen-weight-management-meals.jpg","ProductCount":0,"IsRestricted":false},{"Name":"frozen fruit","UrlFriendlyName":"frozen-fruit","ImageFile":"frozen-fruit.jpg","ProductCount":0,"IsRestricted":false},{"Name":"frozen vegetables","UrlFriendlyName":"frozen-vegetables","ImageFile":"frozen-vegetables.jpg","ProductCount":0,"IsRestricted":false},{"Name":"frozen fish","UrlFriendlyName":"frozen-fish","ImageFile":"frozen-fish.jpg","ProductCount":0,"IsRestricted":false},{"Name":"frozen meat","UrlFriendlyName":"frozen-meat","ImageFile":"frozen-meat.jpg","ProductCount":0,"IsRestricted":false},{"Name":"frozen pizza","UrlFriendlyName":"frozen-pizza","ImageFile":"frozen-pizza.jpg","ProductCount":0,"IsRestricted":false},{"Name":"frozen pies & sausage rolls","UrlFriendlyName":"frozen-pies-sausage-rolls","ImageFile":"frozen-pies-sausage-rolls.jpg","ProductCount":0,"IsRestricted":false},{"Name":"frozen pastry & bread","UrlFriendlyName":"frozen-pastry-bread","ImageFile":"frozen-pastry-bread.jpg","ProductCount":0,"IsRestricted":false},{"Name":"frozen finger foods","UrlFriendlyName":"frozen-finger-foods","ImageFile":"frozen-finger-foods.jpg","ProductCount":0,"IsRestricted":false},{"Name":"frozen chips & wedges","UrlFriendlyName":"frozen-chips-wedges","ImageFile":"frozen-chips-wedges.jpg","ProductCount":0,"IsRestricted":false},{"Name":"frozen dessert","UrlFriendlyName":"frozen-dessert","ImageFile":"frozen-dessert.jpg","ProductCount":0,"IsRestricted":false},{"Name":"multi pack & single serve ice cream","UrlFriendlyName":"multi-pack-single-serve-ice-cream","ImageFile":"multi-pack-single-serve-ice-cream.jpg","ProductCount":0,"IsRestricted":false},{"Name":"ice cream tubs","UrlFriendlyName":"ice-cream-tubs","ImageFile":"ice-cream-tubs.jpg","ProductCount":0,"IsRestricted":false},{"Name":"frozen yoghurt, gelato & sorbet","UrlFriendlyName":"frozen-yoghurt-gelato-sorbet","ImageFile":"frozen-yoghurt-gelato-sorbet.jpg","ProductCount":0,"IsRestricted":false}]},{"Name":"Beer, Wine & Spirits","UrlFriendlyName":"beer-wine-spirits","Color":"#ffffff","TextColor":"#373737","NumberColor":"#929292","IconFile":"/Content/wowAisleImages/beer-wine-spirits.svg","ChildCategories":[{"Name":"mid strength & light beer","UrlFriendlyName":"mid-strength-light-beer","ImageFile":"mid-strength-light-beer.jpg","ProductCount":0,"IsRestricted":false},{"Name":"full strength beer","UrlFriendlyName":"full-strength-beer","ImageFile":"full-strength-beer.jpg","ProductCount":0,"IsRestricted":false},{"Name":"low carb beer","UrlFriendlyName":"low-carb-beer","ImageFile":"low-carb-beer.jpg","ProductCount":0,"IsRestricted":false},{"Name":"international beer","UrlFriendlyName":"international-beer","ImageFile":"international-beer.jpg","ProductCount":0,"IsRestricted":false},{"Name":"craft beer","UrlFriendlyName":"craft-beer","ImageFile":"craft-beer.jpg","ProductCount":0,"IsRestricted":false},{"Name":"ginger beer","UrlFriendlyName":"ginger-beer","ImageFile":"ginger-beer.jpg","ProductCount":0,"IsRestricted":false},{"Name":"stout & malt beer","UrlFriendlyName":"stout-malt-beer","ImageFile":"stout-malt-beer.jpg","ProductCount":0,"IsRestricted":false},{"Name":"tap king beer","UrlFriendlyName":"tap-king-beer","ImageFile":"tap-king-beer.jpg","ProductCount":0,"IsRestricted":false},{"Name":"cider","UrlFriendlyName":"cider","ImageFile":"cider.jpg","ProductCount":0,"IsRestricted":false},{"Name":"champagne & sparkling","UrlFriendlyName":"champagne-sparkling","ImageFile":"champagne-sparkling.jpg","ProductCount":0,"IsRestricted":false},{"Name":"white wine chardonnay","UrlFriendlyName":"white-wine-chardonnay","ImageFile":"white-wine-chardonnay.jpg","ProductCount":0,"IsRestricted":false},{"Name":"white wine sauvignon blanc","UrlFriendlyName":"white-wine-sauvignon-blanc","ImageFile":"white-wine-sauvignon-blanc.jpg","ProductCount":0,"IsRestricted":false},{"Name":"other white wine varietals","UrlFriendlyName":"other-white-wine-varietals","ImageFile":"other-white-wine-varietals.jpg","ProductCount":0,"IsRestricted":false},{"Name":"red wine cabernet & blend","UrlFriendlyName":"red-wine-cabernet-blend","ImageFile":"red-wine-cabernet-blend.jpg","ProductCount":0,"IsRestricted":false},{"Name":"red wine shiraz & blends","UrlFriendlyName":"red-wine-shiraz-blends","ImageFile":"red-wine-shiraz-blends.jpg","ProductCount":0,"IsRestricted":false},{"Name":"other red wine varietals","UrlFriendlyName":"other-red-wine-varietals","ImageFile":"other-red-wine-varietals.jpg","ProductCount":0,"IsRestricted":false},{"Name":"cask wine","UrlFriendlyName":"cask-wine","ImageFile":"cask-wine.jpg","ProductCount":0,"IsRestricted":false},{"Name":"imported wine","UrlFriendlyName":"imported-wine","ImageFile":"imported-wine.jpg","ProductCount":0,"IsRestricted":false},{"Name":"fortified wine","UrlFriendlyName":"fortified-wine","ImageFile":"fortified-wine.jpg","ProductCount":0,"IsRestricted":false},{"Name":"light spirits","UrlFriendlyName":"light-spirits","ImageFile":"light-spirits.jpg","ProductCount":0,"IsRestricted":false},{"Name":"dark spirits","UrlFriendlyName":"dark-spirits","ImageFile":"dark-spirits.jpg","ProductCount":0,"IsRestricted":false},{"Name":"other spirits","UrlFriendlyName":"other-spirits","ImageFile":"other-spirits.jpg","ProductCount":0,"IsRestricted":false},{"Name":"premix light spirits","UrlFriendlyName":"premix-light-spirits","ImageFile":"premix-light-spirits.jpg","ProductCount":0,"IsRestricted":false},{"Name":"premix dark spirits","UrlFriendlyName":"premix-dark-spirits","ImageFile":"premix-dark-spirits.jpg","ProductCount":0,"IsRestricted":false},{"Name":"brandy & cognac","UrlFriendlyName":"brandy-cognac","ImageFile":"brandy-cognac.jpg","ProductCount":0,"IsRestricted":false},{"Name":"liqueur","UrlFriendlyName":"liqueur","ImageFile":"liqueur.jpg","ProductCount":0,"IsRestricted":false},{"Name":"tequila, schnapps & sambuca","UrlFriendlyName":"tequila-schnapps-sambuca","ImageFile":"tequila-schnapps-sambuca.jpg","ProductCount":0,"IsRestricted":false},{"Name":"liquor gifting & merchandise","UrlFriendlyName":"liquor-gifting-merchandise","ImageFile":"liquor-gifting-merchandise.jpg","ProductCount":0,"IsRestricted":false}]},{"Name":"Toiletries, Beauty, Health \n& Wellbeing","UrlFriendlyName":"toiletries-beauty-health-wellbeing","Color":"#ffffff","TextColor":"#373737","NumberColor":"#929292","IconFile":"/Content/wowAisleImages/toiletries-beauty-health-wellbeing.svg","ChildCategories":[{"Name":"toilet paper","UrlFriendlyName":"toilet-paper","ImageFile":"toilet-paper.jpg","ProductCount":0,"IsRestricted":false},{"Name":"deodorant & talc","UrlFriendlyName":"deodorant-talc","ImageFile":"deodorant-talc.jpg","ProductCount":0,"IsRestricted":false},{"Name":"body wash & bath","UrlFriendlyName":"body-wash-bath","ImageFile":"body-wash-bath.jpg","ProductCount":0,"IsRestricted":false},{"Name":"bar soap","UrlFriendlyName":"bar-soap","ImageFile":"bar-soap.jpg","ProductCount":0,"IsRestricted":false},{"Name":"handwash & hand sanitiser","UrlFriendlyName":"handwash-hand-sanitiser","ImageFile":"handwash-hand-sanitiser.jpg","ProductCount":0,"IsRestricted":false},{"Name":"body moisturising & care","UrlFriendlyName":"body-moisturising-care","ImageFile":"body-moisturising-care.jpg","ProductCount":0,"IsRestricted":false},{"Name":"toothbrushes","UrlFriendlyName":"toothbrushes","ImageFile":"toothbrushes.jpg","ProductCount":0,"IsRestricted":false},{"Name":"toothpaste & whitening","UrlFriendlyName":"toothpaste-whitening","ImageFile":"toothpaste-whitening.jpg","ProductCount":0,"IsRestricted":false},{"Name":"denture care, mouth wash & floss","UrlFriendlyName":"denture-care-mouth-wash-floss","ImageFile":"denture-care-mouth-wash-floss.jpg","ProductCount":0,"IsRestricted":false},{"Name":"family shampoo & conditioner","UrlFriendlyName":"family-shampoo-conditioner","ImageFile":"family-shampoo-conditioner.jpg","ProductCount":0,"IsRestricted":false},{"Name":"kid's hair wash & body wash","UrlFriendlyName":"kid-s-hair-wash-body-wash","ImageFile":"kid-s-hair-wash-body-wash.jpg","ProductCount":0,"IsRestricted":false},{"Name":"medicated shampoo & conditioner","UrlFriendlyName":"medicated-shampoo-conditioner","ImageFile":"medicated-shampoo-conditioner.jpg","ProductCount":0,"IsRestricted":false},{"Name":"premium shampoo & conditioner","UrlFriendlyName":"premium-shampoo-conditioner","ImageFile":"premium-shampoo-conditioner.jpg","ProductCount":0,"IsRestricted":false},{"Name":"hair treatment","UrlFriendlyName":"hair-treatment","ImageFile":"hair-treatment.jpg","ProductCount":0,"IsRestricted":false},{"Name":"hair styling","UrlFriendlyName":"hair-styling","ImageFile":"hair-styling.jpg","ProductCount":0,"IsRestricted":false},{"Name":"hair accessories","UrlFriendlyName":"hair-accessories","ImageFile":"hair-accessories.jpg","ProductCount":0,"IsRestricted":false},{"Name":"hair colour temporary","UrlFriendlyName":"hair-colour-temporary","ImageFile":"hair-colour-temporary.jpg","ProductCount":0,"IsRestricted":false},{"Name":"hair colour semi permanent","UrlFriendlyName":"hair-colour-semi-permanent","ImageFile":"hair-colour-semi-permanent.jpg","ProductCount":0,"IsRestricted":false},{"Name":"hair colour permanent","UrlFriendlyName":"hair-colour-permanent","ImageFile":"hair-colour-permanent.jpg","ProductCount":0,"IsRestricted":false},{"Name":"face cream & care","UrlFriendlyName":"face-cream-care","ImageFile":"face-cream-care.jpg","ProductCount":0,"IsRestricted":false},{"Name":"face cleansing & makeup removal","UrlFriendlyName":"face-cleansing-makeup-removal","ImageFile":"face-cleansing-makeup-removal.jpg","ProductCount":0,"IsRestricted":false},{"Name":"face treatment","UrlFriendlyName":"face-treatment","ImageFile":"face-treatment.jpg","ProductCount":0,"IsRestricted":false},{"Name":"face makeup","UrlFriendlyName":"face-makeup","ImageFile":"face-makeup.jpg","ProductCount":0,"IsRestricted":false},{"Name":"lip care, gloss & lipstick","UrlFriendlyName":"lip-care-gloss-lipstick","ImageFile":"lip-care-gloss-lipstick.jpg","ProductCount":0,"IsRestricted":false},{"Name":"eye makeup ","UrlFriendlyName":"eye-makeup","ImageFile":"eye-makeup.jpg","ProductCount":0,"IsRestricted":false},{"Name":"beauty accessories","UrlFriendlyName":"beauty-accessories","ImageFile":"beauty-accessories.jpg","ProductCount":0,"IsRestricted":false},{"Name":"nail care ","UrlFriendlyName":"nail-care","ImageFile":"nail-care.jpg","ProductCount":0,"IsRestricted":false},{"Name":"fragrance","UrlFriendlyName":"fragrance","ImageFile":"fragrance.jpg","ProductCount":0,"IsRestricted":false},{"Name":"self tanning","UrlFriendlyName":"self-tanning","ImageFile":"self-tanning.jpg","ProductCount":0,"IsRestricted":false},{"Name":"sun protection","UrlFriendlyName":"sun-protection","ImageFile":"sun-protection.jpg","ProductCount":0,"IsRestricted":false},{"Name":"women's hair removal","UrlFriendlyName":"women-s-hair-removal","ImageFile":"women-s-hair-removal.jpg","ProductCount":0,"IsRestricted":false},{"Name":"feminine hygiene","UrlFriendlyName":"feminine-hygiene","ImageFile":"feminine-hygiene.jpg","ProductCount":0,"IsRestricted":false},{"Name":"condoms & lubricants","UrlFriendlyName":"condoms-lubricants","ImageFile":"condoms-lubricants.jpg","ProductCount":0,"IsRestricted":false},{"Name":"travel toiletries & giftpacks","UrlFriendlyName":"travel-toiletries-giftpacks","ImageFile":"travel-toiletries-giftpacks.jpg","ProductCount":0,"IsRestricted":false},{"Name":"men's shaving","UrlFriendlyName":"men-s-shaving","ImageFile":"men-s-shaving.jpg","ProductCount":0,"IsRestricted":false},{"Name":"men's deodorant","UrlFriendlyName":"men-s-deodorant","ImageFile":"men-s-deodorant.jpg","ProductCount":0,"IsRestricted":false},{"Name":"men's body wash","UrlFriendlyName":"men-s-body-wash","ImageFile":"men-s-body-wash.jpg","ProductCount":0,"IsRestricted":false},{"Name":"men's face & body care","UrlFriendlyName":"men-s-face-body-care","ImageFile":"men-s-face-body-care.jpg","ProductCount":0,"IsRestricted":false},{"Name":"men's hair care","UrlFriendlyName":"men-s-hair-care","ImageFile":"men-s-hair-care.jpg","ProductCount":0,"IsRestricted":false},{"Name":"health care, eye care & medicinal","UrlFriendlyName":"health-care-eye-care-medicinal","ImageFile":"health-care-eye-care-medicinal.jpg","ProductCount":0,"IsRestricted":false},{"Name":"cold & flu","UrlFriendlyName":"cold-flu","ImageFile":"cold-flu.jpg","ProductCount":0,"IsRestricted":false},{"Name":"medicated lozenges","UrlFriendlyName":"medicated-lozenges","ImageFile":"medicated-lozenges.jpg","ProductCount":0,"IsRestricted":false},{"Name":"first aid","UrlFriendlyName":"first-aid","ImageFile":"first-aid.jpg","ProductCount":0,"IsRestricted":false},{"Name":"quit smoking","UrlFriendlyName":"quit-smoking","ImageFile":"quit-smoking.jpg","ProductCount":0,"IsRestricted":false},{"Name":"incontinence","UrlFriendlyName":"incontinence","ImageFile":"incontinence.jpg","ProductCount":0,"IsRestricted":false},{"Name":"pain relief","UrlFriendlyName":"pain-relief","ImageFile":"pain-relief.jpg","ProductCount":0,"IsRestricted":false},{"Name":"diet, sport & nutrition","UrlFriendlyName":"diet-sport-nutrition","ImageFile":"diet-sport-nutrition.jpg","ProductCount":0,"IsRestricted":false},{"Name":"multi vitamins","UrlFriendlyName":"multi-vitamins","ImageFile":"multi-vitamins.jpg","ProductCount":0,"IsRestricted":false},{"Name":"fish oil vitamins ","UrlFriendlyName":"fish-oil-vitamins","ImageFile":"fish-oil-vitamins.jpg","ProductCount":0,"IsRestricted":false},{"Name":"vitamin b, e & stress","UrlFriendlyName":"vitamin-b-e-stress","ImageFile":"vitamin-b-e-stress.jpg","ProductCount":0,"IsRestricted":false},{"Name":"vitamin c & cold & flu supplements","UrlFriendlyName":"vitamin-c-cold-flu-supplements","ImageFile":"vitamin-c-cold-flu-supplements.jpg","ProductCount":0,"IsRestricted":false},{"Name":"bone & joint vitamins","UrlFriendlyName":"bone-joint-vitamins","ImageFile":"bone-joint-vitamins.jpg","ProductCount":0,"IsRestricted":false},{"Name":"health supplements","UrlFriendlyName":"health-supplements","ImageFile":"health-supplements.jpg","ProductCount":0,"IsRestricted":false},{"Name":"kids vitamins","UrlFriendlyName":"kids-vitamins","ImageFile":"kids-vitamins.jpg","ProductCount":0,"IsRestricted":false},{"Name":"pregnancy vitamins & tests","UrlFriendlyName":"pregnancy-vitamins-tests","ImageFile":"pregnancy-vitamins-tests.jpg","ProductCount":0,"IsRestricted":false}]},{"Name":"Baby","UrlFriendlyName":"baby","Color":"#ffffff","TextColor":"#373737","NumberColor":"#929292","IconFile":"/Content/wowAisleImages/baby.svg","ChildCategories":[{"Name":"baby nappies & nappy pants","UrlFriendlyName":"baby-nappies-nappy-pants","ImageFile":"baby-nappies-nappy-pants.jpg","ProductCount":0,"IsRestricted":false},{"Name":"baby wipes","UrlFriendlyName":"baby-wipes","ImageFile":"baby-wipes.jpg","ProductCount":0,"IsRestricted":false},{"Name":"baby snacks & fingerfood","UrlFriendlyName":"baby-snacks-fingerfood","ImageFile":"baby-snacks-fingerfood.jpg","ProductCount":0,"IsRestricted":false},{"Name":"baby food 12months+","UrlFriendlyName":"baby-food-12months-","ImageFile":"baby-food-12months-.jpg","ProductCount":0,"IsRestricted":false},{"Name":"baby food 8months+","UrlFriendlyName":"baby-food-8months-","ImageFile":"baby-food-8months-.jpg","ProductCount":0,"IsRestricted":false},{"Name":"baby food 6months+","UrlFriendlyName":"baby-food-6months-","ImageFile":"baby-food-6months-.jpg","ProductCount":0,"IsRestricted":false},{"Name":"baby food 4months+","UrlFriendlyName":"baby-food-4months-","ImageFile":"baby-food-4months-.jpg","ProductCount":0,"IsRestricted":false},{"Name":"baby formula","UrlFriendlyName":"baby-formula","ImageFile":"baby-formula.jpg","ProductCount":0,"IsRestricted":false},{"Name":"baby feeding accessories","UrlFriendlyName":"baby-feeding-accessories","ImageFile":"baby-feeding-accessories.jpg","ProductCount":0,"IsRestricted":false},{"Name":"baby care","UrlFriendlyName":"baby-care","ImageFile":"baby-care.jpg","ProductCount":0,"IsRestricted":false},{"Name":"baby bath","UrlFriendlyName":"baby-bath","ImageFile":"baby-bath.jpg","ProductCount":0,"IsRestricted":false},{"Name":"baby clothes & blankets","UrlFriendlyName":"baby-clothes-blankets","ImageFile":"baby-clothes-blankets.jpg","ProductCount":0,"IsRestricted":false},{"Name":"baby toys","UrlFriendlyName":"baby-toys","ImageFile":"baby-toys.jpg","ProductCount":0,"IsRestricted":false}]},{"Name":"Bags, Food Wraps & Cleaning","UrlFriendlyName":"bags-food-wraps-cleaning","Color":"#ffffff","TextColor":"#373737","NumberColor":"#929292","IconFile":"/Content/wowAisleImages/bags-food-wraps-cleaning.svg","ChildCategories":[{"Name":"garbage bags","UrlFriendlyName":"garbage-bags","ImageFile":"garbage-bags.jpg","ProductCount":0,"IsRestricted":false},{"Name":"wrap, aluminium foil & baking paper","UrlFriendlyName":"wrap-aluminium-foil-baking-paper","ImageFile":"wrap-aluminium-foil-baking-paper.jpg","ProductCount":0,"IsRestricted":false},{"Name":"food & storage bags","UrlFriendlyName":"food-storage-bags","ImageFile":"food-storage-bags.jpg","ProductCount":0,"IsRestricted":false},{"Name":"paper towel & serviettes","UrlFriendlyName":"paper-towel-serviettes","ImageFile":"paper-towel-serviettes.jpg","ProductCount":0,"IsRestricted":false},{"Name":"tissues & wipes","UrlFriendlyName":"tissues-wipes","ImageFile":"tissues-wipes.jpg","ProductCount":0,"IsRestricted":false},{"Name":"laundry powder","UrlFriendlyName":"laundry-powder","ImageFile":"laundry-powder.jpg","ProductCount":0,"IsRestricted":false},{"Name":"laundry liquid & soap","UrlFriendlyName":"laundry-liquid-soap","ImageFile":"laundry-liquid-soap.jpg","ProductCount":0,"IsRestricted":false},{"Name":"laundry stain removal","UrlFriendlyName":"laundry-stain-removal","ImageFile":"laundry-stain-removal.jpg","ProductCount":0,"IsRestricted":false},{"Name":"fabric softener","UrlFriendlyName":"fabric-softener","ImageFile":"fabric-softener.jpg","ProductCount":0,"IsRestricted":false},{"Name":"ironing & laundry accessories","UrlFriendlyName":"ironing-laundry-accessories","ImageFile":"ironing-laundry-accessories.jpg","ProductCount":0,"IsRestricted":false},{"Name":"dishwashing","UrlFriendlyName":"dishwashing","ImageFile":"dishwashing.jpg","ProductCount":0,"IsRestricted":false},{"Name":"gloves","UrlFriendlyName":"gloves","ImageFile":"gloves.jpg","ProductCount":0,"IsRestricted":false},{"Name":"sponges, scourers & wipes","UrlFriendlyName":"sponges-scourers-wipes","ImageFile":"sponges-scourers-wipes.jpg","ProductCount":0,"IsRestricted":false},{"Name":"multi purpose cleaner","UrlFriendlyName":"multi-purpose-cleaner","ImageFile":"multi-purpose-cleaner.jpg","ProductCount":0,"IsRestricted":false},{"Name":"disinfectant & bleach","UrlFriendlyName":"disinfectant-bleach","ImageFile":"disinfectant-bleach.jpg","ProductCount":0,"IsRestricted":false},{"Name":"moisture & mould treatment","UrlFriendlyName":"moisture-mould-treatment","ImageFile":"moisture-mould-treatment.jpg","ProductCount":0,"IsRestricted":false},{"Name":"bathroom cleaner","UrlFriendlyName":"bathroom-cleaner","ImageFile":"bathroom-cleaner.jpg","ProductCount":0,"IsRestricted":false},{"Name":"carpet & floor cleaner","UrlFriendlyName":"carpet-floor-cleaner","ImageFile":"carpet-floor-cleaner.jpg","ProductCount":0,"IsRestricted":false},{"Name":"glass cleaner","UrlFriendlyName":"glass-cleaner","ImageFile":"glass-cleaner.jpg","ProductCount":0,"IsRestricted":false},{"Name":"kitchen & oven cleaner","UrlFriendlyName":"kitchen-oven-cleaner","ImageFile":"kitchen-oven-cleaner.jpg","ProductCount":0,"IsRestricted":false},{"Name":"drain cleaner","UrlFriendlyName":"drain-cleaner","ImageFile":"drain-cleaner.jpg","ProductCount":0,"IsRestricted":false},{"Name":"polish & furniture care","UrlFriendlyName":"polish-furniture-care","ImageFile":"polish-furniture-care.jpg","ProductCount":0,"IsRestricted":false},{"Name":"cleaning equipment","UrlFriendlyName":"cleaning-equipment","ImageFile":"cleaning-equipment.jpg","ProductCount":0,"IsRestricted":false},{"Name":"pest control","UrlFriendlyName":"pest-control","ImageFile":"pest-control.jpg","ProductCount":0,"IsRestricted":false},{"Name":"air freshener","UrlFriendlyName":"air-freshener","ImageFile":"air-freshener.jpg","ProductCount":0,"IsRestricted":false}]},{"Name":"Pet","UrlFriendlyName":"pet","Color":"#ffffff","TextColor":"#373737","NumberColor":"#929292","IconFile":"/Content/wowAisleImages/pet.svg","ChildCategories":[{"Name":"pet food treats","UrlFriendlyName":"pet-food-treats","ImageFile":"pet-food-treats.jpg","ProductCount":0,"IsRestricted":false},{"Name":"puppy food","UrlFriendlyName":"puppy-food","ImageFile":"puppy-food.jpg","ProductCount":0,"IsRestricted":false},{"Name":"dog food adult & senior","UrlFriendlyName":"dog-food-adult-senior","ImageFile":"dog-food-adult-senior.jpg","ProductCount":0,"IsRestricted":false},{"Name":"kitten food","UrlFriendlyName":"kitten-food","ImageFile":"kitten-food.jpg","ProductCount":0,"IsRestricted":false},{"Name":"cat food adult & senior","UrlFriendlyName":"cat-food-adult-senior","ImageFile":"cat-food-adult-senior.jpg","ProductCount":0,"IsRestricted":false},{"Name":"pet care, accessories & litter","UrlFriendlyName":"pet-care-accessories-litter","ImageFile":"pet-care-accessories-litter.jpg","ProductCount":0,"IsRestricted":false},{"Name":"small animal food","UrlFriendlyName":"small-animal-food","ImageFile":"small-animal-food.jpg","ProductCount":0,"IsRestricted":false}]},{"Name":"Entertainment, Home & \nOutdoor","UrlFriendlyName":"entertainment-home-outdoor","Color":"#ffffff","TextColor":"#373737","NumberColor":"#929292","IconFile":"/Content/wowAisleImages/entertainment-home-outdoor.svg","ChildCategories":[{"Name":"magazines","UrlFriendlyName":"magazines","ImageFile":"magazines.jpg","ProductCount":0,"IsRestricted":false},{"Name":"kids books & magazines","UrlFriendlyName":"kids-books-magazines","ImageFile":"kids-books-magazines.jpg","ProductCount":0,"IsRestricted":false},{"Name":"dvd & blu-ray","UrlFriendlyName":"dvd-blu-ray","ImageFile":"dvd-blu-ray.jpg","ProductCount":0,"IsRestricted":false},{"Name":"kids games & toys","UrlFriendlyName":"kids-games-toys","ImageFile":"kids-games-toys.jpg","ProductCount":0,"IsRestricted":false},{"Name":"books","UrlFriendlyName":"books","ImageFile":"books.jpg","ProductCount":0,"IsRestricted":false},{"Name":"batteries","UrlFriendlyName":"batteries","ImageFile":"batteries.jpg","ProductCount":0,"IsRestricted":false},{"Name":"lightbulbs","UrlFriendlyName":"lightbulbs","ImageFile":"lightbulbs.jpg","ProductCount":0,"IsRestricted":false},{"Name":"electrical & technology","UrlFriendlyName":"electrical-technology","ImageFile":"electrical-technology.jpg","ProductCount":0,"IsRestricted":false},{"Name":"automotive","UrlFriendlyName":"automotive","ImageFile":"automotive.jpg","ProductCount":0,"IsRestricted":false},{"Name":"entertaining & party decorations","UrlFriendlyName":"entertaining-party-decorations","ImageFile":"entertaining-party-decorations.jpg","ProductCount":0,"IsRestricted":false},{"Name":"disposable plates & cutlery","UrlFriendlyName":"disposable-plates-cutlery","ImageFile":"disposable-plates-cutlery.jpg","ProductCount":0,"IsRestricted":false},{"Name":"bbq & pool","UrlFriendlyName":"bbq-pool","ImageFile":"bbq-pool.jpg","ProductCount":0,"IsRestricted":false},{"Name":"cookware & kitchen","UrlFriendlyName":"cookware-kitchen","ImageFile":"cookware-kitchen.jpg","ProductCount":0,"IsRestricted":false},{"Name":"kitchen appliances","UrlFriendlyName":"kitchen-appliances","ImageFile":"kitchen-appliances.jpg","ProductCount":0,"IsRestricted":false},{"Name":"manchester","UrlFriendlyName":"manchester","ImageFile":"manchester.jpg","ProductCount":0,"IsRestricted":false},{"Name":"household & travel","UrlFriendlyName":"household-travel","ImageFile":"household-travel.jpg","ProductCount":0,"IsRestricted":false},{"Name":"gardening & outdoor","UrlFriendlyName":"gardening-outdoor","ImageFile":"gardening-outdoor.jpg","ProductCount":0,"IsRestricted":false},{"Name":"camping & fishing","UrlFriendlyName":"camping-fishing","ImageFile":"camping-fishing.jpg","ProductCount":0,"IsRestricted":false},{"Name":"hardware","UrlFriendlyName":"hardware","ImageFile":"hardware.jpg","ProductCount":0,"IsRestricted":false},{"Name":"plasticware","UrlFriendlyName":"plasticware","ImageFile":"plasticware.jpg","ProductCount":0,"IsRestricted":false},{"Name":"pens, pencils & markers","UrlFriendlyName":"pens-pencils-markers","ImageFile":"pens-pencils-markers.jpg","ProductCount":0,"IsRestricted":false},{"Name":"notebooks, diaries & calendars","UrlFriendlyName":"notebooks-diaries-calendars","ImageFile":"notebooks-diaries-calendars.jpg","ProductCount":0,"IsRestricted":false},{"Name":"sticky tape, tack & glue","UrlFriendlyName":"sticky-tape-tack-glue","ImageFile":"sticky-tape-tack-glue.jpg","ProductCount":0,"IsRestricted":false},{"Name":"stationery accessories","UrlFriendlyName":"stationery-accessories","ImageFile":"stationery-accessories.jpg","ProductCount":0,"IsRestricted":false},{"Name":"art & craft","UrlFriendlyName":"art-craft","ImageFile":"art-craft.jpg","ProductCount":0,"IsRestricted":false},{"Name":"printing & laminating","UrlFriendlyName":"printing-laminating","ImageFile":"printing-laminating.jpg","ProductCount":0,"IsRestricted":false},{"Name":"socks","UrlFriendlyName":"socks","ImageFile":"socks.jpg","ProductCount":0,"IsRestricted":false},{"Name":"underwear","UrlFriendlyName":"underwear","ImageFile":"underwear.jpg","ProductCount":0,"IsRestricted":false},{"Name":"hosiery","UrlFriendlyName":"hosiery","ImageFile":"hosiery.jpg","ProductCount":0,"IsRestricted":false},{"Name":"clothing & accessories","UrlFriendlyName":"clothing-accessories","ImageFile":"clothing-accessories.jpg","ProductCount":0,"IsRestricted":false},{"Name":"footwear & shoe care","UrlFriendlyName":"footwear-shoe-care","ImageFile":"footwear-shoe-care.jpg","ProductCount":0,"IsRestricted":false},{"Name":"sewing & coat hangers","UrlFriendlyName":"sewing-coat-hangers","ImageFile":"sewing-coat-hangers.jpg","ProductCount":0,"IsRestricted":false}]},{"Name":"Cigarettes & Tobacco","UrlFriendlyName":"cigarettes-tobacco","Color":"#ffffff","TextColor":"#373737","NumberColor":"#929292","IconFile":"/Content/wowAisleImages/default.svg","ChildCategories":[{"Name":"cigarette single & twin pack","UrlFriendlyName":"cigarette-single-twin-pack","ImageFile":"cigarette-single-twin-pack.jpg","ProductCount":0,"IsRestricted":true},{"Name":"cigarette carton","UrlFriendlyName":"cigarette-carton","ImageFile":"cigarette-carton.jpg","ProductCount":0,"IsRestricted":true},{"Name":"tobacco & cigars","UrlFriendlyName":"tobacco-cigars","ImageFile":"tobacco-cigars.jpg","ProductCount":0,"IsRestricted":true},{"Name":"smoking accessories","UrlFriendlyName":"smoking-accessories","ImageFile":"smoking-accessories.jpg","ProductCount":0,"IsRestricted":true}]}],"ConfigRequest":{"ContextExpiryPeriod":900000.0,"SiteShortName":"Woolworths","CurrentVersion":"5.150.10.0"},"GetDeliveryInfoRequest":{"DeliveryMethod":"Pickup","Address":{"AddressId":932627,"AddressText":"Woolworths MARRICKVILLE METRO","IsPrimary":false},"ReservedDate":{"Date":"0001-01-01T00:00:00","DateLongText":null,"DateText":null},"ReservedTime":{"DeliveryWindowId":0,"TimeWindow":null},"DeliveryInstruction":"","PickupInstruction":"","IsNonServiced":false},"ListSavedListsRequest":{"Response":[]},"SettingRequest":[{"Group":"OneSite","Name":"LargeFormatPageSize","Value":36},{"Group":"OneSite","Name":"MediumFormatPageSize","Value":24},{"Group":"OneSite","Name":"SmallFormatPageSize","Value":24},{"Group":"OneSite","Name":"CategorySpinnerStaticArrowEnableInLargeFormat","Value":false},{"Group":"OneSite","Name":"DefaultPageToSpecialGroup","Value":"true"},{"Group":"OneSite","Name":"AutoExpandCollectionZoneSize","Value":1},{"Group":"Lists","Name":"Onboarding","Value":""},{"Group":"Browse","Name":"SortOptions","Value":[{"Value":"Name","Text":"A to Z (Product name)"},{"Value":"NameDesc","Text":"Z to A (Product name)"},{"Value":"AvailableDate","Text":"New"},{"Value":"Special","Text":"Special"},{"Value":"PriceAsc","Text":"Price Low to High"},{"Value":"PriceDesc","Text":"Price High to Low"},{"Value":"CUPAsc","Text":"Unit Price Low to High"},{"Value":"CUPDesc","Text":"Unit Price High to Low"}]},{"Group":"Specials","Name":"SortOptions","Value":[{"Value":"Name","Text":"A to Z (Product name)"},{"Value":"NameDesc","Text":"Z to A (Product name)"},{"Value":"AvailableDate","Text":"New"},{"Value":"PriceAsc","Text":"Price Low to High"},{"Value":"PriceDesc","Text":"Price High to Low"},{"Value":"CUPAsc","Text":"Unit Price Low to High"},{"Value":"CUPDesc","Text":"Unit Price High to Low"}]},{"Group":"Lists","Name":"SortOptions","Value":[{"Value":"Name","Text":"A to Z (Product name)"},{"Value":"NameDesc","Text":"Z to A (Product name)"},{"Value":"Aisle","Text":"Aisle"},{"Value":"Special","Text":"Special"},{"Value":"PriceAsc","Text":"Price Low to High"},{"Value":"PriceDesc","Text":"Price High to Low"},{"Value":"CUPAsc","Text":"Unit Price Low to High"},{"Value":"CUPDesc","Text":"Unit Price High to Low"},{"Value":"Recency","Text":"Recency"}]},{"Group":"Recipe","Name":"SortOptions","Value":[{"Value":"Name","Text":"A to Z (Title)"},{"Value":"NameDesc","Text":"Z to A (Title)"}]},{"Group":"ProductGroup","Name":"SortOptions","Value":[{"Value":"Relevance","Text":"Relevance"},{"Value":"Name","Text":"A to Z (Product name)"},{"Value":"NameDesc","Text":"Z to A (Product name)"},{"Value":"AvailableDate","Text":"New"},{"Value":"Special","Text":"Special"},{"Value":"PriceAsc","Text":"Price Low to High"},{"Value":"PriceDesc","Text":"Price High to Low"},{"Value":"CUPAsc","Text":"Unit Price Low to High"},{"Value":"CUPDesc","Text":"Unit Price High to Low"}]},{"Group":"Search","Name":"SortOptions","Value":[{"Value":"Relevance","Text":"Relevance"},{"Value":"Name","Text":"A to Z (Product name)"},{"Value":"NameDesc","Text":"Z to A (Product name)"},{"Value":"Aisle","Text":"Aisle"},{"Value":"AvailableDate","Text":"New"},{"Value":"Special","Text":"Special"},{"Value":"PriceAsc","Text":"Price Low to High"},{"Value":"PriceDesc","Text":"Price High to Low"},{"Value":"CUPAsc","Text":"Unit Price Low to High"},{"Value":"CUPDesc","Text":"Unit Price High to Low"}]},{"Group":"Search","Name":"SearchHeadingText","Value":"Showing Results for"},{"Group":"Messages","Name":"ResetPasswordForceChangeReason","Value":"Passwords should be alphanumeric, containing at least 6 characters and one number. Use a mixture of Capital letters, numbers and symbols.\nDo not use your personal information."},{"Group":"Messages","Name":"InvalidPasswordResetTokenMessage","Value":"Your password reset token is invalid."},{"Group":"HandyHint","Name":"Password","Value":"Please enter a password which must be at least 6 characters in length and contain at least one number."},{"Group":"PasswordReminder","Name":"ReminderResultSent","Value":"If your email is valid a reset link will be sent"},{"Group":"DeliveryPass","Name":"DeliverySaverPageRedirectUrl","Value":"https://www.woolworths.com.au/Shop/Discover/shopping-online/delivery-saver"},{"Group":"DeliveryPass","Name":"ExceededMaxActiveDeliveryPassesMessage","Value":"Ooops you can only have a maximum of 2 active Delivery Savers on your account at any one time.  These will be used consecutively."},{"Group":"Order","Name":"CancelOrderDisclaimer","Value":"By proceeding your order will be cancelled.\r\n\r\nA refund will be automatically applied to the credit/debit card used for your original order.  Refunds take between 3 & 5 business days to show on your account.\r\n\r\nPlease contact customer service on 1800 000 610 for any queries."},{"Group":"Order","Name":"AmendOrderDisclaimer","Value":"IMPORTANT INFORMATION\r\nBy proceeding, your original order & reserved delivery window will be CANCELLED & items placed into your trolley for amending and resubmitting through checkout.  All specials & prices will update to the current website prices at the time you submit your amended order. Any specials from a previous week offers will be lost. Any coupons used when you placed your previous order will be revoked and can not be used again.\r\nYour original payment will be saved and extra items added will be charged at checkout.  You must process your amended order immediately without logging out or the website timing out. \r\n{IF YOU LOG OUT OR YOUR INTERNET SESSION TIMES OUT - PLEASE CONTACT CUSTOMER SERVICE ON 1800 000 610 TO AVOID A DUPLICATE PAYMENT ON YOUR CREDIT/DEBIT CARD}\r\nIf you remove items from your order you will be refunded any amounts back to your original credit/debit card used for payment. Refunds take between 3 & 5 business days to show in your account.\r\nFor any queries please call customer service on 1800 000 610."},{"Group":"SocialMedia","Name":"OfficialFacebookLink","Value":"https://www.facebook.com/woolworths"},{"Group":"SocialMedia","Name":"OfficialYouTubeLink","Value":"https://www.youtube.com/WoolworthsAu"},{"Group":"SocialMedia","Name":"OfficialTwitterLink","Value":"https://twitter.com/woolworths "},{"Group":"SocialMedia","Name":"OfficialInstagramLink","Value":"http://instagram.com/woolworths_au"},{"Group":"SocialMedia","Name":"SiteCensusYoutubeClick","Value":"_gaq.push(['_trackEvent', 'SocialIcon', 'Click', 'Youtube']);"},{"Group":"SocialMedia","Name":"SiteCensusFacebookClick","Value":"_gaq.push(['_trackEvent', 'SocialIcon', 'Click', 'Facebook']);"},{"Group":"SocialMedia","Name":"SiteCensusTwitterClick","Value":"_gaq.push(['_trackEvent', 'SocialIcon', 'Click', 'Twitter']);"},{"Group":"SocialMedia","Name":"SiteCensusInstagramClick","Value":"_gaq.push(['_trackEvent', 'SocialIcon', 'Click', 'Instagram']);"},{"Group":"SocialMedia","Name":"RecipeSocialMediaEnabled","Value":false},{"Group":"FooterColumns","Name":"OnesiteAboutUs","Value":"\t<li><strong><a href=\"/Shop/page/help-and-support-faq\" target=\"_self\" style=\"color:#939\">Help & Support</a></strong></li>\r\n        <li><a href=\"/Shop/Support/Accessibility\">Accessibility</a></li>\r\n\t<li><a href=\"/Shop/Discover/about-us/product-recalls\">Product Recalls</a></li>\r\n\t<li><a href=\"/Shop/Discover/about-us/product-safety-and-recall\">Product Safety & Recall</a></li>\r\n\t<li><a href=\"/Shop/Discover/about-us/returns-policy\">Returns Policy</a></li>\r\n\t<li><a href=\"/Shop/Discover/about-us/offers-and-competitions\">Offers & Competitions</a></li>\r\n<li><a href=\"/Shop/Discover/about-us/contact-us\">Contact Us</a></li>"},{"Group":"FooterColumns","Name":"OnesiteHelpAndSupport","Value":"\t<li><strong>Services</strong></li>\r\n\t<li><a href=\"/Shop/Discover/shopping-online/delivery\">Delivery</a></li>\r\n\t<li><a href=\"/Shop/Discover/shopping-online/click-collect\">Click & Collect</a></li>\r\n\t<li><a href=\"/Shop/Discover/shopping-online/new-to-online\">New to our Store?</a></li>\r\n\t<li><a href=\"/Shop/Discover/shopping-online/my-business\">My Business</a></li>\r\n\t<li><a href=\"/Shop/Discover/community-donations\">Community Donations</a></li>"},{"Group":"FooterColumns","Name":"OnesiteAdditionalServices","Value":"\t<li><strong>Tools</strong></li>\r\n\t<li><a href=\"/Shop/Discover/shopping-online/delivery-saver\">Delivery Saver</a></li>\r\n<li><a href=\"/Shop/MyAccount/TrackMyOrder\">Track My Order</a></li>\r\n\t<li><a href=\"/Shop/Discover/about-us/woolworths-app\">Woolworths Apps</a></li>\r\n\t<li><a href=\"http://www.wowlink.com.au/wps/portal\">Vendors</a></li>\r\n\t<li><a href=\"http://www.woolworthsflowers.com.au/home.aspx\" target=\"_blank\">Woolworths Flowers</a></li>"},{"Group":"FooterColumns","Name":"OnesiteClubs","Value":"    <li><strong>About Us</strong></li>\r\n\t<li><a href=\"/Shop/ShopLocator\">Our Stores</a></li>\r\n\t<li><a href=\"/Shop/Discover/our-brands\">Our Brands</a></li>\r\n\t<li><a href=\"/Shop/Discover/about-us/latest-news\">Latest News</a></li>\r\n\t<li><strong>Clubs</strong></li>\r\n\t<li><a href=\"https://www.woolworthsrewards.com.au/\" target=\"_blank\">Woolworths Rewards</a></li>\r\n\t<li><a href=\"https://woolworthsbabyandtoddlerclub.com.au/\">Baby and Toddler Club</a></li>"},{"Group":"Checkout","Name":"MaximumCouponsAllowed","Value":8},{"Group":"TrackMyOrderETA","Name":"Disclaimer","Value":"Please note the estimated time of delivery is an indicative time of when the driver will arrive, your order may still arrive any time within the delivery window you selected.\r\n\r\nThe estimated time of arrival may change due to traffic conditions and other reasons outside of Woolworths Online control. "},{"Group":"Copyright","Name":"OnesiteCopyrightFooterHtml","Value":"<span>\r\n&copy; Woolworths Ltd 1997-2015 - All Rights Reserved</span>\r\n|\r\n<a href=\"/Shop/Discover/about-us/privacy-policy\" target=\"_blank\">Privacy Policy</a>\r\n|\r\n<a href=\"/Shop/Discover/about-us/collection-notice\" target=\"_blank\">Collection Notice</a>\r\n|\r\n<a href=\"/Shop/Discover/about-us/cookies-statement\" target=\"_blank\">Cookies Statement</a>\r\n|\r\n<a href=\"/Shop/Discover/about-us/terms-and-conditions\" target=\"_blank\">Terms &amp; Conditions</a>"},{"Group":"Trolley","Name":"GuestUserMaxItemCount","Value":5},{"Group":"OneSite","Name":"landingPageTitle","Value":""},{"Group":"Trolley","Name":"GuestUserTrolleyItemsUpdatedMessage","Value":"Your trolley has been updated and saved with any existing items prior to login."},{"Group":"Checkout","Name":"DisclaimerText","Value":"<p>By placing this order, you confirm that you agree to Woolworths <a href=\"http://www2.woolworthsonline.com.au/Shop/Discover/about-us/terms-and-conditions\" target=\"_blank\">terms and conditions</a>&nbsp;(including our&nbsp;<a href=\"http://www2.woolworthsonline.com.au/Shop/Discover/about-us/privacy-policy\" target=\"_blank\">privacy policy</a>).</p>"},{"Group":"Checkout","Name":"ProceedToPaymentLabel","Value":"Proceed to payment"},{"Group":"Checkout","Name":"ReturnToPaymentInfoLabel","Value":"Back to payment info"},{"Group":"ErrorPage","Name":"404","Value":"<h1>Problem in Aisle 6!</h1>\n\t\t\t\t\t\t\t\t\t\t\t\t     <p>\n\t\t\t\t\t\t\t\t\t\t\t\t\t\tIt seems we cannot find the page you are looking for.<br/>\n\t\t\t\t\t\t\t\t\t\t\t\t\t\tTry using the search box or navigation above<br/>\n\t\t\t\t\t\t\t\t\t\t\t\t\t\tto browse our site.\n\t\t\t\t\t\t\t\t\t\t\t\t\t </p>\n\t\t\t\t\t\t\t\t\t\t\t\t\t <p class=\"errorPage-ContantInfo\">\n\t\t\t\t\t\t\t\t\t\t\t\t\t\tIf you continue to receive those errors please contact our Customer Service Team on 1800 000 610.\n\t\t\t\t\t\t\t\t\t\t\t\t\t </p>"},{"Group":"ErrorPage","Name":"500","Value":"<h1>All available staff to the checkout please!</h1>\n\t\t\t\t\t\t\t\t\t\t\t\t\t <p>\n\t\t\t\t\t\t\t\t\t\t\t\t\t\tIt seems our site is a bit overwhelmed at the moment.<br/>\n\t\t\t\t\t\t\t\t\t\t\t\t\t    We apologise for the hold up. Please try refreshing<br/>\n\t\t\t\t\t\t\t\t\t\t\t\t\t\tin 30 seconds - it should be good to go by then.\n\t\t\t\t\t\t\t\t\t\t\t\t\t </p>\n\t\t\t\t\t\t\t\t\t\t\t\t\t <p class=\"errorPage-ContantInfo\">\n\t\t\t\t\t\t\t\t\t\t\t\t\t\tIf you continue to receive those errors please contact our Customer Service Team on 1800 000 610.\n\t\t\t\t\t\t\t\t\t\t\t\t\t </p>"},{"Group":"ErrorPage","Name":"productNotFound","Value":"<h1>Product Not Found</h1>\n\t\t\t\t\t\t\t\t\t\t\t\t\t <p>\n\t\t\t\t\t\t\t\t\t\t\t\t\t\tSorry, we cannot find the product you are looking for.<br/>\n\t\t\t\t\t\t\t\t\t\t\t\t\t\tTry using the search box or navigation above<br/>\n\t\t\t\t\t\t\t\t\t\t\t\t\t\tto browse our site.\n\t\t\t\t\t\t\t\t\t\t\t\t\t </p>\n\t\t\t\t\t\t\t\t\t\t\t\t\t <p class=\"errorPage-ContantInfo\">\n\t\t\t\t\t\t\t\t\t\t\t\t\t\tIf you continue to receive those errors please contact our Customer Service Team on 1800 000 610.\n\t\t\t\t\t\t\t\t\t\t\t\t\t </p>"},{"Group":"ErrorPage","Name":"recipeNotFound","Value":"<h1>Recipe Not Found</h1>\n\t\t\t\t\t\t\t\t\t\t\t\t\t <p>\n\t\t\t\t\t\t\t\t\t\t\t\t\t\tSorry, we cannot find the recipe you are looking for.<br/>\n\t\t\t\t\t\t\t\t\t\t\t\t\t\tTry using the search box or navigation above<br/>\n\t\t\t\t\t\t\t\t\t\t\t\t\t\tto browse our site.\n\t\t\t\t\t\t\t\t\t\t\t\t\t </p>\n\t\t\t\t\t\t\t\t\t\t\t\t\t <p class=\"errorPage-ContantInfo\">\n\t\t\t\t\t\t\t\t\t\t\t\t\t\tIf you continue to receive those errors please contact our Customer Service Team on 1800 000 610.\n\t\t\t\t\t\t\t\t\t\t\t\t\t </p>"},{"Group":"Quickfix","Name":"Description","Value":"The following words were found in the product list. Choose alternatives from the list below and search again."},{"Group":"Search","Name":"EmptyRecipeSearchMessage","Value":"Sorry, no recipes were found containing \"%search%\". Please try less words, or partial words (especially if you are not sure of the spelling) (eg rather than spaghetti try spag)"},{"Group":"Search","Name":"EmptyProductSearchMessage","Value":"Sorry, no search results were found containing \"{search}\".\r\nPlease try less words or partial words (eg type spag instead of spaghetti). Avoid using numbers in your search.\r\n\r\n"},{"Group":"Search","Name":"SearchPromptText","Value":"Search..."},{"Group":"Login","Name":"LoginToViewCategoryMessage","Value":"Please log in to view this aisle."},{"Group":"Login","Name":"LoginToSavetoListMessage","Value":"Please login before saving to list."},{"Group":"Login","Name":"LoginToAddRestrictedProductMessage","Value":"Please login in order to add this product to trolley."},{"Group":"Login","Name":"LoginToAddMoreProductsMessage","Value":"Please login in order to add more products to trolley."},{"Group":"Login","Name":"LoginToContinueMessage","Value":"Please login to continue."},{"Group":"Login","Name":"LoginToSetDeliveryOrPickupAddressMessage","Value":"Please login to select your delivery/pick up address."},{"Group":"Login","Name":"LoginToSetDeliveryWindowMessage","Value":"Please login to select your delivery/pick up time."},{"Group":"DeliveryWindowAlerts","Name":"ReservationExpiredAlertMessage","Value":"Your current reservation has expired. You can renew this reservation or make a new one here."},{"Group":"DeliveryWindows","Name":"ReservationTimeout","Value":120.0},{"Group":"DeliveryWindowAlerts","Name":"ClosingSoonAlertPeriod","Value":30.0},{"Group":"DeliveryWindowAlerts","Name":"ClosingNowAlertPeriod","Value":15.0},{"Group":"DeliveryWindowAlerts","Name":"ClosingSoonAlertMessage","Value":"The delivery window you reserved is closing soon. Please proceed to checkout."},{"Group":"DeliveryWindowAlerts","Name":"ClosingNowAlertMessage","Value":"The delivery window you reserved is about to close! Please proceed to checkout."},{"Group":"DeliveryWindowAlerts","Name":"ClosedAlertMessage","Value":"The delivery window you reserved has closed. You may reserve a different window here."},{"Group":"PasswordReminder","Name":"PasswordReminderContactUsLink","Value":"/Shop/Contact"},{"Group":"ProductRestrictions","Name":"RestrictedProductsCollectionZoneInlineMessage","Value":"These products are not available within selected delivery window"},{"Group":"UnsubscribeEDM","Name":"UnsubscribeAlreadyUnsubscribedMessage","Value":"You are already unsubscribed from Woolworths Online Communications.\n<br /><br />\nIf you would like to subscribe to hear about free delivery offers, exclusive discounts, <br />inspiring recipes and special offers, please"},{"Group":"UnsubscribeEDM","Name":"UnsubscribeSuccessMessage","Value":"You have been unsubscribed from Woolworths Online Communications.\n                <br />\n                <br />\n                If you would like to subscribe to hear about free delivery offers, exclusive discounts,  <br />\n                inspiring recipes and special offers, please"},{"Group":"UnsubscribeEDM","Name":"UnsubscribeConfirmNoMessage","Value":"No, please keep me subscribed - I would like to know about free delivery offers, exclusive discounts, inspiring recipes and special offers."},{"Group":"UnsubscribeEDM","Name":"UnsubscribeConfirmYesMessage","Value":"Yes, please unsubscribe me."},{"Group":"UnsubscribeEDM","Name":"UnsubscribeConfirmMessage","Value":"You are about to unsubscribe your email address from Woolworths Online Communications. Are you sure you wish to continue?"},{"Group":"VisualShopping","Name":"CollapseCategoriesInLargeFormat","Value":true},{"Group":"VisualShopping","Name":"CollapseCategoriesInMediumFormat","Value":true},{"Group":"VisualShopping","Name":"CollapseCategoriesInSmallFormat","Value":true},{"Group":"OneSite","Name":"EnableExpandCollapseButtonsLargeFormat","Value":true},{"Group":"OneSite","Name":"EnableExpandCollapseButtonsMediumFormat","Value":true},{"Group":"OneSite","Name":"EnableExpandCollapseButtonsSmallFormat","Value":false},{"Group":"OneSite","Name":"LargeFormatAnimationsEnabled","Value":true},{"Group":"OneSite","Name":"MediumFormatAnimationsEnabled","Value":false},{"Group":"OneSite","Name":"SmallFormatAnimationsEnabled","Value":false},{"Group":"Search","Name":"ZeroSearchResultsMessage","Value":"Sorry, no search results were found containing \"{search}\".<br><br>Please try fewer words or partial words (eg type spag instead of spaghetti). Avoid using numbers in your search."},{"Group":"OneSite","Name":"InfiniteScrollForCardsInLargeFormatEnabled","Value":true},{"Group":"OneSite","Name":"InfiniteScrollForCardsInMediumFormatEnabled","Value":false},{"Group":"OneSite","Name":"InfiniteScrollForCardsInSmallFormatEnabled","Value":false},{"Group":"Messages","Name":"NonServicedAddressSelectedMessage","Value":"Oops! Unfortunately we don't deliver to the address you have entered.  Why not see if we offer ClickCollect from a Woolworths near you.  Select Change under your address, select your state to view a full list of available ClickCollect stores."},{"Group":"OneSite","Name":"SearchShowCategories","Value":true},{"Group":"OneSite","Name":"SmallerProductStampsEnabled","Value":true},{"Group":"OneSite","Name":"SpinnerV2EnabledInSmallFormat","Value":true},{"Group":"OneSite","Name":"SmallFormatCentrePanelSlideEnabled","Value":true},{"Group":"DynamicContent","Name":"DynamicContentCarouselIndicatorColor","Value":"rgb(255, 255, 255)"},{"Group":"OneSite","Name":"RecipeSavedListEnabled","Value":false},{"Group":"OneSite","Name":"ShowSideBCardAsDefaultOnProductsEnabled","Value":false},{"Group":"OneSite","Name":"ShowSideBCardAsDefaultOnSearchEnabled","Value":true},{"Group":"OneSite","Name":"SkipHaveYouForgottenSmallFormatEnabled","Value":true},{"Group":"OneSite","Name":"SkipHaveYouForgottenMediumFormatEnabled","Value":false},{"Group":"OneSite","Name":"SkipHaveYouForgottenLargeFormatEnabled","Value":false},{"Group":"OneSite","Name":"MultiImageRequestsEnabled","Value":true},{"Group":"OneSite","Name":"MediaDomainNames","Value":["https://media1.woolworths.com.au","https://media2.woolworths.com.au","https://media3.woolworths.com.au","https://media4.woolworths.com.au"]},{"Group":"OneSite","Name":"VisualShoppingVersion","Value":"Alpha"},{"Group":"InlineCoaching","Name":"EnableSFInlineCoaching","Value":false},{"Group":"InlineCoaching","Name":"EnableMFInlineCoaching","Value":false},{"Group":"InlineCoaching","Name":"EnableLFInlineCoaching","Value":false},{"Group":"TrackMyOrderETA","Name":"GoogleMapApiUrl","Value":"https://maps.googleapis.com/maps/api/js?client=gme-woolworthslimited&libraries=geometry,places,visualization&sensor=false&v=3.exp"},{"Group":"OneSite","Name":"DeliveryInstructionTextSize","Value":200},{"Group":"Performance","Name":"EnableDiscoverCardLinkWithoutPageReload","Value":true},{"Group":"OneSite","Name":"VisibleScrollerOnHoverForLhp","Value":true},{"Group":"OneSite","Name":"VisibleScrollerOnHoverForDcp","Value":true},{"Group":"OneSite","Name":"EnableCompactViewInDiscoverPages","Value":false},{"Group":"OneSite","Name":"EnableViewMoreLinkToCrawlByGoogle","Value":true},{"Group":"OneSite","Name":"PaginationEnabledInLargeFormat","Value":false},{"Group":"OneSite","Name":"PaginationEnabledInMediumFormat","Value":true},{"Group":"OneSite","Name":"PaginationEnabledInSmallFormat","Value":true},{"Group":"OnecardValidation","Name":"EnableEdrStatusCheckOnLogin","Value":false},{"Group":"EDRCardNumber","Name":"NoValidEdrCardMessage","Value":"Add your card number below OR <a href=\"https://www.everydayrewards.com.au\" target=\"_blank\">register for an Everyday Rewards card now</a>"},{"Group":"EverydayRewards","Name":"MaintainEdrRegisterLinkUrl","Value":"https://www.everydayrewards.com.au"},{"Group":"EverydayRewards","Name":"WoolworthsRewardsRedeemConfirmationMessage","Value":"<h2 class=\"wowRewardsModals-textHeading\">Confirm</h2><p class=\"wowRewardsModals-textBody\">Would you like to redeem Woolworths Rewards dollars on this order?</p>"},{"Group":"EverydayRewards","Name":"WoolworthsRewardsInformation","Value":"<h2 class=\"wowRewardsModals-textHeading\">Info</h2><p class=\"wowRewardsModals-textBody\">Members told us what they really want is money off their shopping, so we've changed points for Woolworths Dollars. With Woolworths Rewards, you enjoy more relevant benefits faster than ever before. Plus, you decide exactly how you spend the money you save.</p>"},{"Group":"OneSite","Name":"ReturnSpaceToDefaultStateEnabled","Value":true},{"Group":"OneSite","Name":"EnableVisualShoppingV2","Value":true},{"Group":"OneSite","Name":"EnableSmallCardsHomepage","Value":false},{"Group":"FooterColumns","Name":"FooterBanner","Value":"<div class=\"dynamic-content-canvas onesite-base container-fluid  dynamic-content-version2\" data-schedule-key=\"/Shop/Browse/beer-wine-spirits/mid-strength-light-beer-bottom\" data-layout-id=\"417\">\r\n\r\n        <div class=\"row\">\r\n                <div id=\"1\" class=\"col-sm-12 col-sm-offset-0 desktop-flowwrap  tablet-flowwrap mobile-flowwrap\" data-desktop-carouselduration=\"0\" data-tablet-carouselduration=\"0\" data-mobile-carouselduration=\"0\" style=\"\">\r\n\r\n\r\n<div  class=\"dynamic-content2-item dynamic-content2-item-html\">\r\n\r\n<div class=\"containerliquor\">\r\n        <div class=\"liquors cf\">\r\n            <section>\r\n                 <img class=\"liquorimg\"  src=\"https://www.woolworths.com.au/Content/Content/LiquorBadge_DontBuyForThem.png\" alt=\"\" >\r\n                <img class=\"liquorimg\" src=\"https://www.woolworths.com.au/Content/Content/LiquorBadge_ID25.png\" alt=\"\">\r\n            </section>\r\n        </div>\r\n        <div class=\"liquorAct\">\r\n            <aside>\r\nWoolworths Online supports the Responsible Service of Alcohol. Under the Liquor Act 2007. It is against the law to sell or supply alcohol to, or to obtain alcohol on behalf of, a person under the age of 18 years. For more specific legislation in your state or territory visit our <a href=\"https://www2.woolworthsonline.com.au/Shop/Discover/about-us/liquor-licensing-act\">Liquor Licensing Acts page</a>.\r\n            </aside>    \r\n        </div>\r\n</div>\r\n\r\n<style type=\"text/css\" media=\"all\">\r\n.cf:before,\r\n.cf:after {\r\n    content: \" \"; /* 1 */\r\n    display: table; /* 2 */\r\n}\r\n\r\n.cf:after {\r\n    clear: both;\r\n}\r\n\r\n/**\r\n * For IE 6/7 only\r\n * Include this rule to trigger hasLayout and contain floats.\r\n */\r\n.cf {\r\n    *zoom: 1;\r\n}\r\n\r\n.containerliquor{\r\n    width: 100%;  \r\n    margin-top:-10px;\r\n}\r\n\r\n.liquors{\r\n    float: left;\r\n    width: 170px;\r\n}\r\n\r\n.liquorAct{\r\n    font-size: 0.8em;\r\npadding-top:1%;\r\n}\r\n\r\n  .liquorimg{\r\n        width:75px;\r\n         height: 75px;\r\n}\r\n\r\n@media screen and (max-width: 600px){\r\n .liquorimg{\r\n         width: 50px;\r\n         height: 50px;\r\n}\r\n.liquors{\r\n    float: left;\r\n    width: 100%;\r\n}\r\n}\r\n\r\n</style>\r\n</div>\r\n</div>\r\n</div>\r\n        \r\n<div class=\"row\">\r\n         <div id=\"2\" class=\"col-sm-12 col-sm-offset-0 desktop-flowwrap  tablet-flowwrap mobile-flowwrap\" data-desktop-carouselduration=\"0\" data-tablet-carouselduration=\"0\" data-mobile-carouselduration=\"0\" style=\"\">\r\n          </div>\r\n        </div>\r\n</div>"},{"Group":"SiteCensus","Name":"ResponsysTrackingPixel","Value":"https://emailonline.woolworths.com.au/pub/cct?_ri_=X0Gzc2X%3DYQpglLjHJlTQGtC0r9zd59j6TCftglzbGONNW&_ei_=El69Zfbs5ddWnWyOwa--6Do&ORDERID={OrderID}&ORDERTOTAL={OrderTotal}&NUMITEMS={OrderQty}&CUSTOMERID={ShopperID}"},{"Group":"OneSite","Name":"FooterLinksLineSpacing","Value":3},{"Group":"OneSite","Name":"EnableShowActiveOrdersOnLogin","Value":true},{"Group":"OneSite","Name":"EnableGuestAccessToLists","Value":true},{"Group":"OneSite","Name":"EnableSaveListFromCollectionZone","Value":true},{"Group":"Rebates","Name":"EnableDeferredPromotionInlineMessage","Value":true},{"Group":"OneSite","Name":"EnableOrderConfirmationExportOptions","Value":["print","email"]},{"Group":"OneSite","Name":"EnableRecipeExportOptions","Value":[]},{"Group":"OneSite","Name":"StickyAisleHeadersSmallFormatEnabled","Value":true},{"Group":"OneSite","Name":"StickyAisleHeadersMediumFormatEnabled","Value":true},{"Group":"OneSite","Name":"StickyAisleHeadersLargeFormatEnabled","Value":true},{"Group":"OneSite","Name":"SignupMyAccountCommunicationPreferencesText","Value":"Yes! I would like to receive updates about products &amp; services, promotions, special offers, news &amp; events from Woolworths Online via"},{"Group":"OneSite","Name":"CommunicationPreferencesSMS","Value":"SMS"},{"Group":"OneSite","Name":"CommunicationPreferencesEmail","Value":"Email"},{"Group":"OneSite","Name":"CommunicationPreferencesSample","Value":"Samples"},{"Group":"OneSite","Name":"EnableAisleIcons","Value":true},{"Group":"Registration","Name":"ReceiveEmailsByDefault","Value":false},{"Group":"Registration","Name":"ReceiveSampleByDefault","Value":true},{"Group":"Registration","Name":"ReceiveSMSOfferByDefault","Value":false},{"Group":"Registration","Name":"ShowReceiveSample","Value":true},{"Group":"Registration","Name":"ShowSMSOffer","Value":true},{"Group":"ClickAndCollect","Name":"ClickAndCollectStoresPerPage","Value":5},{"Group":"ClickAndCollect","Name":"ClickAndCollectStoreSearchLabel","Value":"Enter postcode or suburb"},{"Group":"VisualShopping","Name":"ExpandCollapseButtonText","Value":"View Aisles"},{"Group":"OneSite","Name":"MaxCharactersManualAddress1","Value":100},{"Group":"OneSite","Name":"MaxCharactersManualAddress2","Value":100},{"Group":"OneSite","Name":"MaxCharactersPersonalShopperNote","Value":100},{"Group":"EverydayRewards","Name":"EnableWoolworthsRewardsPoints","Value":false},{"Group":"Order","Name":"OrderConfirmedMessage","Value":"<span style=\"font-weight:600;\">Order confirmed</span> - thanks for shopping with Woolworths!"},{"Group":"Order","Name":"OrderCancelledMessage","Value":"<span style=\"font-weight:600;\">Order cancelled</span> - the order value will be refunded to you soon!"},{"Group":"Checkout","Name":"ClickAndCollectPickUpInstructionsText","Value":"have instructions for my pick up store."},{"Group":"Order","Name":"MaxCharactersClickAndCollectPickUpInstructions","Value":200},{"Group":"Checkout","Name":"ZeroPaymentDisplayMessage","Value":"Your balance is less or equal to zero. Please submit your order."}],"ShopperDetailsRequest":{"AllowRestrictedDepartment":false,"Id":0,"FirstName":null,"IsGuest":true,"LastName":null,"DateOfBirth":null,"Email":null,"Phone":null,"SecondaryPhone":null,"CompanyName":null,"ABN":null,"Title":null,"TypeOfBusiness":null,"JobTitle":null,"DateOfBirthInput":null,"OrderCount":0},"TrolleyRequest":{"Totals":{"Total":0.0,"TotalSavings":0.0},"AvailableItems":[],"UnavailableItems":[],"RestrictedItems":[],"RecentlyAddedItems":null,"DeliveryFee":{"Total":0.0},"Message":null,"TrolleyItemCount":0,"ShopperDeliveryPassPromptResponse":{"ShowPrompt":2,"HeaderText":"Delivery Fee","ContentText":"Save more with a Delivery Saver","PromptText":"Buy a  delivery saver"},"WowRewardsSummary":{"WowRewardsToSpend":0.0,"WowRewardsEarned":0.0,"IsWowRewardsCardRegistered":false,"IsErrorInGettingWowRewardsBalance":false,"HasValidWowRewardsCard":false}},"ShopperPreferencesRequest":{"DefaultAllSubstitutions":true,"AllowAutomaticBannerRotation":true,"EnablePredictiveTextOnSearch":true,"EnableAccessibleMenu":false,"OptInCatalogue":false,"OptInEmail":false,"OptInSms":false,"OptInFreeSamples":false}};
        window.wowModules = [{"files":["/Scripts/Bundles/common.bundle.min.js?h=64E79CF01F138D70682A2C12BD664C66"],"name":"common"},{"files":["/Scripts/Bundles/lib.bundle.min.js?h=B523F62ECE01C44253E28CACF4F7BCE9"],"name":"lib"},{"files":["/Scripts/Bundles/lists.bundle.min.js?h=7A38380952BD82C8540B69C985837CC3"],"name":"lists"},{"files":["/Scripts/Bundles/shop.bundle.min.js?h=392CB33ECD44258D776F386280532C71"],"name":"shop"}];
    </script>

    
    <!--[if lt IE 9]>
        <script src="/Scripts/BrowserHacks/IE8/bind.js?h=391B1631E5ED84D9FF9B78312FE213D6" type="text/javascript"></script>

    <![endif]-->
    <script src="/Scripts/Polyfills/usertiming.min.js?h=52BD71A93EDEB7C882D66AE0578A6420" type="text/javascript"></script>

    <script src="/Scripts/Polyfills/startswith.js?h=D79595F051A5DD5CA41B55543216921B" type="text/javascript"></script>

    <script src="/Scripts/Polyfills/requestanimationframe.js?h=6A33AECDEBA08B3070A8DEE7F9FA20F8" type="text/javascript"></script>

    <script src="/Scripts/Polyfills/includes.js?h=677ED50578C37373763449A3F7D36493" type="text/javascript"></script>

    <script src="/Scripts/Polyfills/dialog-polyfill.min.js?h=D29BDCAB80F6BD5EEA8CCFD70D74F1EF" type="text/javascript"></script>

    <link href="/Scripts/Polyfills/dialog-polyfill.min.css?h=1426F4FB07F847DFFF8AEADA28374AA0" rel="stylesheet" type="text/css">


    
    <script src="/Scripts/modernizr.custom.2.8.3.js?h=78ED4B82A6414E0036ED07E4F852A88E" type="text/javascript"></script>

    <script src="/Scripts/jquery.min.js?h=F03E5A3BF534F4A738BC350631FD05BD" type="text/javascript"></script>


    
    <script src="/Scripts/isotope.min.js?h=D5E00CF73D518CA8D72C253C51E6014A" type="text/javascript"></script>

    <script src="/Scripts/jquery.scrollstop.min.js?h=D5F4B2AB8E3EFFE1AA2B0A0F498AEA97" type="text/javascript"></script>

    <script src="/Scripts/jquery.nearest.min.js?h=3FA014CE8B05037D3E1E62CD8FE7BBAB" type="text/javascript"></script>

    <script src="/Scripts/jquery.scrollparent.min.js?h=5FAF2E32C108A321C37AADD1A02CE210" type="text/javascript"></script>

    <script src="/Scripts/jquery.uiselectors.min.js?h=81589587795B9E5AA384A34B6B0B4891" type="text/javascript"></script>


    
    <script src="/Scripts/Bundles/lib.bundle.min.js?h=B523F62ECE01C44253E28CACF4F7BCE9" type="text/javascript"></script>

    <script src="/Scripts/Bundles/common.bundle.min.js?h=64E79CF01F138D70682A2C12BD664C66" type="text/javascript"></script>

    <script src="/Scripts/Bundles/shop.bundle.min.js?h=392CB33ECD44258D776F386280532C71" type="text/javascript"></script>


    
    <script src="/DynamicContent2Style/Carousel.js?h=C7580DDAB970E1048D1D94C593D9EE75" type="text/javascript"></script>


    <script src="/Scripts/BrowserFeatureDetection.js?h=18D9E5462CC11416D2B2477D9F184E9F" type="text/javascript"></script>
        <script type="text/javascript">
            if (!browserFeatureDetection.isSupported) {
                var unsupportedBrowserMessage = 'Woolworths has been optimised to support the latest and prior major release of browsers - click link for supported browsers.';
                var unsupportedBrowserLink = 'https://www2.woolworthsonline.com.au/Shop/FAQs';
            }
        </script>
<script src="/Scripts/BrowserHacks/IE/IEOutdated.js?h=F3A6E27FCF950E9A1542D5869DF15970" type="text/javascript"></script>

    

    
    

    

    <!-- #endregion -->
    <!-- Powered by Olympic TRADER -->

<div style="display: none; visibility: hidden;"><script type="text/javascript">if(document.referrer){var ord=1E12*Math.random();document.write('\x3cSCRIPT language\x3d"JavaScript1.1" SRC\x3d"https://ad.doubleclick.net/ddm/adj/N799.197812.NSO.CODESRV/B9008258.121838552;dcadv\x3d5071965;sz\x3d1x2;ord\x3d'+ord+'?"\x3e\x3c/SCRIPT\x3e')};</script></div></body></html>